3250 5392
778 829 919 921 De
956 822 1159 921 Fide
1208 830 1289 919 &
1338 816 1781 944 Symbolo.
2198 842 2370 935 593-

196 1012 215 1059 :
255 1054 302 1097 ,0
351 993 562 1100 perse
588 999 820 1076 bona:
852 1002 886 1087 )
922 1058 964 1092 „
993 1058 1039 1092 „
1080 1000 1330 1097 Qualis
1356 1005 1487 1078 erit
1515 994 2038 1095 contemplatio
2080 998 2358 1076 incom-

262 1102 615 1194 mutabilis
652 1102 870 1187 boni,
896 1105 1133 1176 aeterni
1158 1152 1177 1183 ,
1210 1101 1477 1197 semper
1513 1101 1771 1178 eodem
1796 1098 2023 1175 modo
2065 1121 2360 1174 manen-

208 1220 215 1225 ·
258 1203 406 1281 tis?
448 1202 1059 1299 Quandoquidem
1089 1204 1249 1284 ista,
1296 1224 1455 1300 quae
1489 1203 1823 1277 dicuntur
1852 1202 2085 1276 bona,
2150 1197 2354 1275 nullo

192 1320 209 1401 ζ
253 1302 463 1400 ρειᾶο
515 1306 649 1377 no‘s
677 1301 1094 1377 delectarent
1125 1349 1145 1380 ‚
1171 1298 1296 1376 nisi
1318 1298 1534 1377 eisent
1555 1303 1787 1392 bona;
1817 1322 1951 1375 nec
1984 1295 2121 1374 alio
2144 1296 2355 1393 pasto

193 1456 205 1465 -
253 1398 471 1478 eisent
499 1402 684 1476 bona
716 1455 736 1484 ,
771 1400 894 1476 nifi
924 1401 1158 1476 abillo
1187 1398 1405 1476 essent
1431 1449 1452 1483 ‚
1503 1405 1628 1500 qui
1672 1397 2070 1496 [impliciter
2118 1400 2353 1474 bonus

260 1501 362 1576 est
409 1542 550 1593 „„·
638 1500 1062 1586 <utdiiserit
1102 1510 1166 1581 S.
1234 1502 1507 1594 Augull.
1555 1500 1792 1577 Enarr.
1839 1501 1910 1574 in
1959 1497 2123 1578 Psas.
2160 1492 2281 1571 26.
2319 1496 2354 1583 )

193 1660 201 1669 .
256 1589 460 1679 Bona
495 1603 737 1676 omnia
770 1603 842 1675 in
866 1598 1032 1677 Deo
1056 1601 1290 1676 haberi
1314 1655 1334 1688 ,
1365 1600 1673 1677 ostendit
1697 1599 1881 1674 idem
1910 1598 2176 1674 sanetus
2197 1595 2356 1673 Do·
2749 1692 2756 1699 .

255 1702 411 1776 tior
447 1697 679 1779 Trast.
742 1721 853 1789 13.
925 1704 999 1775 in
1037 1697 1395 1799 Joannem
1421 1742 1443 1784 ,
1474 1701 1833 1798 explicans
1884 1696 2038 1774 haec
2098 1697 2354 1805 verba:
2383 1678 2750 1763 Pan-¹0·

193 1860 201 1871 .
254 1798 606 1897 ,Qom'am
626 1811 791 1892 apud
820 1818 887 1867 te
919 1796 1005 1878 es}
1022 1798 1179 1889 fims
1200 1802 1360 1870 vita
1381 1855 1402 1887 ,
1445 1803 1528 1872 Θ
1549 1808 1621 1868 in
1668 1804 1915 1868 lumine
1946 1817 2065 1867 tuo
2097 1794 2356 1866 videbi·-

257 1899 659 1980 mustum-n.
699 1957 743 1991 „
790 1899 866 1978 In
898 1902 1132 1995 terra(
1155 1903 1373 1996 inquit
1397 1901 1434 1986 )
1462 1898 1651 1977 aliud
1673 1899 1772 1974 est
1803 1897 1964 1974 fons
1988 1950 2009 1984 ,
2033 1896 2221 1974 aliud
2248 1896 2357 1974 lu-

256 2050 307 2088 .,
347 2016 536 2076 men.
596 2001 850 2077 sitiens
883 2010 1134 2098 quaeris
1175 2001 1450 2076 fontem
1503 2025 1525 2092 ;
1565 2000 1644 2077 dt
1676 2000 2034 2096 pervenias
2067 1999 2157 2072 ad
2195 1998 2358 2073 fon-
2389 2002 2410 2025 '

262 2131 316 2188 ,φ
354 2118 543 2183 tem,
573 2102 819 2197 quaeris
852 2099 1108 2177 lucem·
1167 2097 1357 2176 Fons
1383 2102 1495 2176 ille
1541 2099 1679 2196 ipsa
1729 2098 1828 2175 est
1874 2097 2057 2191 lux3
2100 2095 2357 2173 sitienti

260 2245 312 2287 „
345 2200 503 2273 fons
526 2201 623 2276 est
646 2256 664 2285 ,
689 2223 883 2275 caeco
912 2201 1038 2276 lux
1063 2201 1160 2277 est
1186 2229 1206 2295 ;
1233 2204 1632 2298 aperiantur
1683 2200 1919 2283 oculi,
1945 2212 2028 2274 ut
2068 2199 2356 2273 videant

258 2344 311 2388 0,
336 2301 566 2374 lucem
591 2321 612 2389 ;
635 2306 1033 2397 aperiantur
1060 2302 1292 2378 fauces
1314 2302 1551 2378 cordis
1571 2355 1594 2386 ,
1626 2312 1707 2375 ut
1753 2298 1998 2373 bibant
2022 2296 2351 2378 fontem3

265 2442 310 2486 ῃ
347 2399 545 2497 quod
569 2401 742 2475 bibis
769 2445 790 2486 -,
839 2397 987 2478 hoc
1033 2400 1223 2477 vides
1255 2455 1274 2486 ,
1312 2400 1458 2476 hoc
1512 2397 1732 2475 audis·
1784 2396 2026 2469 Torum
2082 2392 2211 2466 tibi
2261 2390 2350 2482 fir

252 2539 306 2587 „
346 2507 528 2568 Deus
550 2553 570 2581 ‚
599 2500 754 2594 q'uia
786 2522 1006 2569 eorum
1037 2554 1056 2585 ,
1081 2512 1213 2596 quae
1240 2500 1462 2592 diligis
1481 2553 1501 2584 ,
1525 2516 1736 2567 totum
1756 2492 1887 2566 tibi
1912 2492 2022 2574 ests
2081 2496 2154 2572 Si
2202 2494 2357 2571 vifi-

262 2640 310 2687 ,‚
344 2594 501 2674 bilia
547 2598 848 2675 attendis
875 2644 895 2684 ,
938 2620 1071 2674 nec
1123 2602 1319 2698 panis
1373 2598 1471 2673 est
1524 2595 1724 2674 Deus
1760 2651 1780 2680 ,
1830 2615 1964 2672 nec
2033 2618 2211 2697 aqua
2256 2595 2357 2675 est

258 2744 312 2788 „
347 2696 547 2775 Deus
574 2748 592 2773 ‚
650 2721 781 2774 nec
833 2696 958 2773 lux
1010 2699 1129 2774 ista
1169 2699 1266 2773 est
1318 2696 1554 2782 Deus,
1586 2715 1721 2773 nec
1772 2696 1974 2772 vestis
2000 2696 2096 2772 est
2123 2695 2354 2773 Deus.

259 2843 309 2886 „
349 2800 616 2875 Omnia
664 2799 852 2872 enim
904 2796 1058 2874 haec
1106 2795 1383 2873 visibilia
1425 2796 1586 2874 sunt
1624 2852 1645 2883 ,
1709 2796 1781 2871 δι
1837 2793 2105 2892 lingula
2149 2793 2356 2879 sunt}

258 2944 315 2987 „
349 2896 553 2992 quod
601 2896 697 2972 est
732 2899 962 2991 panis,
994 2920 1141 2972 non
1173 2897 1316 2973 hoc
1352 2899 1450 2973 est
1497 2914 1677 2993 aqua
1702 2921 1721 2989 ;
1747 2896 1818 2969 &
1905 2894 2055 2972 uod
2098 2894 2200 2971 est
2240 2919 2362 2971 ve-

265 3045 313 3081 „
342 2998 453 3072 stis
479 3053 496 3077 .
538 3020 682 3071 non
720 2997 863 3073 hoc
882 2998 979 3073 est
1004 2996 1310 3091 domus;
1336 2999 1407 3072 &
1432 2998 1634 3095 quod
1658 2996 1814 3071 sunt
1843 2998 1891 3071 ii
1984 3045 2004 3076 ‚
2030 3018 2180 3072 non
2207 2994 2360 3072 hod

262 3138 310 3181 „
350 3096 447 3171 est
479 3095 715 3189 Deus;
744 3095 1023 3172 visibilia
1073 3102 1261 3172 enim
1288 3097 1465 3178 sunt.
1525 3151 1573 3183 ‚‚
1604 3140 1654 3182 n
1717 3097 1918 3175 Deus
1941 3096 2083 3171 tibi·
2114 3112 2359 3172 totum

267 3196 366 3272 est
393 3250 412 3280 ,
443 3194 492 3270 fi
552 3195 1017 3294 esuris,panis
1043 3201 1166 3274 tibi
1212 3197 1353 3283 esu
1400 3196 1447 3270 n
1494 3194 1884 3294 sst12‚aqua
1933 3197 2059 3272 tibi
2100 3195 2198 3271 est
2240 3220 2262 3288 ;
2305 3182 2359 3272 ss

264 3299 340 3371 in
369 3297 668 3371 tenebris
691 3319 758 3370 es
784 3352 804 3381 ,
833 3299 1071 3372 lumen
1110 3299 1234 3372 tibi
1283 3298 1379 3372 est
1421 3321 1443 3390 3
1486 3292 1532 3370 fi
1582 3295 1814 3372 nudus
1842 3318 1957 3381 es,
1988 3297 2366 3372 immorta-

267 3397 473 3473 litatis
496 3397 617 3471 tibi
652 3397 851 3472 vestis
885 3396 983 3472 est
1004 3446 1025 3480 ‚
1047 3420 1213 3474 cum
1241 3395 1703 3493 corruptibile
1729 3395 1872 3471 hoc
1916 3395 2220 3473 induerit
2246 3398 2362 3471 in-

266 3498 853 3591 corruptionem,
894 3499 964 3572 &
1007 3497 1304 3573 mortale
1327 3495 1468 3572 hoc
1522 3495 1827 3571 induerit
1872 3494 2362 3572 immortalita-

268 3610 442 3671 tem·
463 3640 481 3662 ·
502 3645 522 3665 .
557 3592 822 3672 Omnia
852 3594 1141 3694 poffunt
1184 3596 1323 3672 dici
1347 3596 1435 3671 de
1458 3593 1625 3671 Deo
1645 3650 1667 3680 ,
1695 3596 1767 3669 δι
1798 3592 1971 3670 nihil
2016 3590 2230 3688 digne
2257 3596 2364 3671 di·

268 3696 453 3770 citur
490 3694 579 3769 de
624 3692 791 3771 Deo
872 3693 1065 3772 Nihil
1123 3685 1322 3773 latius
1371 3692 1504 3771 hac
1547 3697 1813 3792 inopia.
1866 3695 2152 3793 Quaeris
2187 3710 2368 3770 con·

264 3816 531 3890 gruum
558 3818 825 3869 nomen
853 3851 872 3878 ,
920 3819 1069 3871 non
1116 3799 1388 3874 invenis
1430 3821 1451 3886 3
1492 3798 1741 3892 quaeris
1792 3816 2097 3893 quoquo
2138 3793 2368 3868 modo

271 3893 503 3967 dicere
542 3936 559 3967 ,
605 3898 844 3969 omnia
892 3899 1162 3970 invenis
1222 3939 1359 3982 „‚·.
1408 3897 1522 3970 Sic
1560 3894 1733 3970 illud
1793 3894 1975 3970 reste
2035 3891 2369 3989 intelligi-

269 4006 390 4068 tur
415 4048 435 4077 ,
461 3994 663 4090 quod
695 3995 788 4067 ait
824 3994 1201 4091 Apostolus
1231 3996 1359 4065 :Ut
1379 3991 1466 4079 sir
1496 3996 1681 4064 Deus
1706 3997 1919 4062 omnia
1954 3996 2023 4063 in
2051 3990 2361 4066 omnibus.
2390 3994 2448 4060 8.
2475 3985 2616 4071 Aug.
2645 3978 2747 4086 ¹35⁸

269 4095 414 4177 lpse
450 4139 500 4178 ,‚
528 4138 575 4177 ,,
633 4093 786 4165 linis
835 4101 965 4167 erit
996 4092 1501 4170 desideriorum
1555 4091 1960 4168 nostrorum
1987 4147 2006 4176 ,
2057 4094 2177 4190 qui
2224 4088 2366 4166 fine
2392 4093 2503 4212 {fei
2525 4072 2601 4212 ἐξ
2619 4070 2751 4213 0¹22

272 4189 416 4266 fine
463 4191 814 4266 videbitur
843 4240 860 4266 ‚
902 4190 1042 4267 fine
1063 4192 1334 4269 fastidio
1375 4195 1725 4268 amabitur
1775 4240 1795 4275 ⁵
1838 4190 1981 4267 ssne
2012 4190 2367 4287 fatigatio*
2592 4165 2684 4231 ⁹⁸³

273 4312 371 4366 ne
410 4290 826 4366 laudabitur.
880 4291 1046 4367 Hoc
1095 4315 1353 4368 munus
1399 4341 1414 4363 2
1460 4290 1573 4366 hle
1628 4286 1916 4368 affec'lus
1961 4341 1980 4372 ‚
2028 4290 2145 4367 hic
2180 4291 2372 4369 atius

277 4390 602 4486 profec'to
629 4393 756 4466 erit
796 4396 1133 4468 omnibus
1154 4448 1173 4477 ,
1197 4391 1375 4468 ficut
1404 4392 1542 4489 ipsa
1590 4393 1730 4465 vita
1761 4407 2014 4467 aeterna
2040 4412 2376 4469 commu-⁵

274 4493 404 4564 nis.
427 4533 446 4555 ·
477 4532 496 4559 0
525 4538 544 4559 .
573 4489 862 4583 Quanta
894 4496 1022 4568 erit
1056 4492 1165 4566 illa
1195 4491 1478 4568 felicitas
1503 4545 1522 4575 ,
1557 4491 1676 4567 ubi
1721 4491 1993 4567 nullum
2036 4494 2169 4566 erit
2223 4515 2376 4569 ma·

277 4584 430 4664 luni
453 4637 471 4668 ‚
498 4591 769 4666 nullum
814 4592 1054 4667 latebit
1085 4593 1361 4668 bonum
1383 4646 1403 4676 ,
1455 4591 1812 4666 vacabitur
1835 4584 1974 4668 Dei
2011 4590 2377 4673 laudibus»

280 4692 403 4786 qui
429 4692 560 4763 erit
592 4693 831 4765 omnia
880 4695 947 4764 in
997 4692 1552 4768 oiiiriibus?.·..
1602 4687 1789 4766 Vera
1818 4693 1909 4765 ibi
1945 4689 2171 4785 gloria
2197 4695 2327 4765 erit
2352 4733 2374 4775 2

277 4792 394 4865 ubi
438 4786 776 4866 laudantis
816 4812 951 4868 nec
995 4812 1234 4871 errore
1279 4790 1647 4891 quisquam
1714 4838 1737 4876 .
1791 4813 1927 4868 nec
1973 4790 2379 4870 adulationi

398 4886 678 4972 Tvmd·
1275 4887 1324 4967 P
1372 4913 1423 4987 p
2155 4885 2302 4966 lau·

2397 2374 2554 2441 Deus
2574 2366 2753 2443 nobit

2380 2467 2573 2518 totum
2602 2454 2705 2522 ost.
