3250 5392
1333 193 1463 263 test
1496 247 1513 273 ,
1539 195 1609 262 in
1647 193 1814 262 loco
1845 193 2081 285 aliquo
2110 192 2188 262 lit
2220 244 2236 269 ,
2267 191 2531 261 necell'e
2553 191 2688 269 est,
2735 213 2872 262 nec
2929 195 3107 258 Dea.

1332 288 1414 363 fit
1456 306 1689 372 totus,
1727 290 1840 363 sed
1884 295 2158 363 minore
2195 288 2288 361 sui
2331 304 2524 385 parte
2578 290 2942 362 minorem
3007 289 3107 362 lo«

1329 390 1681 483 cupet‚&
1711 394 1977 483 majore
2022 392 2364 480 majorem
2412 444 2454 476 ,‚
2487 442 2558 474 ,‚.
2617 380 2820 462 Deus
2861 405 3107 464 autem

1326 488 1401 565 in
1428 488 1598 565 loco
1631 489 1994 576 extensus,
2020 486 2136 563 sed
2169 488 2431 585 ubique
2468 499 2710 576 totus;
2745 509 2888 563 nec
2941 487 3107 565 han

1328 585 1636 677 majores
1657 642 1678 674 ,
1707 591 1780 663 &
1801 592 2118 665 minores
2139 642 2160 673 ,
2185 586 2302 663 sed
2323 582 2862 683 [impliciffimus
2885 588 2996 667 est
3027 641 3052 674 .
3081 591 3107 665 d

1328 687 1782 787 summusque
1835 686 2160 784 Spiritus.

924 796 1105 887 193sp
1164 817 1293 884 148.
1426 803 1500 869 2.
1553 844 1599 880 „
1623 844 1670 881 „
1720 785 1918 867 Istius
1965 787 2288 883 corporis
2325 784 2520 863 oculi
2574 786 2889 863 omnino
2935 808 3107 867 non

1324 908 1620 965 cernere
1648 943 1668 974 ,
1704 886 1830 963 nisu
1868 908 2394 988 corpora,quae
2438 887 2526 962 ab
2579 886 2676 958 eis
2715 885 2976 985 aliquo
3025 886 3107 963 lo

1327 986 1515 1062 vallo
1563 985 1865 1084 separata
1918 989 2124 1077 sunt;
2163 1010 2326 1061 nam
2385 982 2436 1060 fi
2486 982 2761 1063 nullum
2789 987 3107 1063 interval

1325 1108 1464 1161 nec
1513 1086 1652 1183 ipsa
1684 1110 1992 1181 corpora
2019 1110 2144 1186 per
2169 1110 2293 1161 eos
2317 1083 2635 1161 videmus
2677 1141 2722 1177 ‚‚
2753 1138 2828 1177 „.
2885 1082 3107 1165 Deus

1325 1207 1495 1269 curn
1538 1189 1804 1285 ubique
1840 1186 1962 1273 fit,
2013 1185 2366 1289 nusquam
2414 1183 2642 1264 distat.

930 1292 1178 1367 maen.
1430 1305 1497 1375 3.
1542 1343 1585 1378 „
1614 1342 1659 1377 ,‚
1723 1284 1923 1363 Deus
1962 1285 2259 1363 charitas
2295 1284 2394 1361 est
2420 1331 2440 1364 ‚
2471 1282 2614 1359 five
2661 1298 3024 1382 tanquam
3083 1308 3107 1363 ε

1319 1384 1761 1462 ineffabiliter
1798 1386 2164 1471 existendo
2194 1436 2213 1467 ‚
2241 1384 2382 1461 five
2430 1384 2619 1459 illam
2657 1382 2870 1459 nobis
2904 1408 3046 1481 per
3093 1389 3107 1461 ἔ

1319 1482 1523 1562 suum
1568 1485 1934 1584 largiendo
1975 1531 2107 1578 „„.
2154 1484 2473 1565 Charitas
2521 1498 2760 1561 autem
2824 1504 3107 1583 corpo!

1321 1583 1405 1659 lis
1460 1586 1677 1661 videri
1721 1608 1873 1662 non
1911 1586 2169 1684 potest.

926 1704 1101 1787 ιρω,
1162 1729 1288 1786 147·
1420 1704 1493 1776 4-
1541 1740 1585 1775 „
1615 1742 1659 1776 ,.
1712 1683 1900 1763 Cum
1929 1683 2012 1761 fit
2050 1681 2312 1783 aliquid
2355 1681 2674 1759 nostrum
2711 1678 3107 1766 vifibile,fi

1319 1804 1585 1880 corpus
1610 1832 1632 1866 ‚
1661 1783 1924 1881 aliquid
1967 1808 2139 1863 vero
2174 1780 2510 1859 invisibile
2533 1837 2553 1862 .
2579 1780 2758 1857 ficut
2785 1781 3034 1863 homo
3067 1786 3107 1861 ii

1317 1882 1390 1957 &
1413 1906 1582 1957 curn
1612 1888 1973 1980 optimum
2000 1884 2216 1961 nostri
2239 1928 2260 1963 ,
2287 1882 2436 1958 hoe
2470 1881 2568 1961 est
2595 1936 2615 1967 .
2647 1902 2852 1957 mens
2883 1926 2905 1960 2
2937 1898 3107 1989 atqt

1313 1977 1602 2077 ligentia
1642 1980 1992 2060 invilibilis
2024 1982 2106 2060 fit
2136 1980 2360 2060 oculis
2393 1982 2718 2076 corporis
2775 1998 2799 2067 3
2843 2002 3107 2081 quom

1312 2082 1515 2181 quod
1545 2081 1643 2158 est
1670 2083 1918 2160 melius
1960 2086 2246 2180 optimo
2290 2080 2553 2164 nostri,
2597 2076 2864 2155 vifibile
2909 2087 3054 2159 erit

1312 2182 1559 2257 nostro
1602 2182 1764 2274 ,‚„?
1814 2180 1894 2259 ld
1916 2183 2055 2270 est,
2088 2181 2473 2280 quomodo
2521 2176 2729 2257 Deus
2755 2226 2773 2259 ,
2801 2185 2941 2278 qui
2983 2206 3107 2261 me

1312 2282 1387 2361 &
1429 2284 2069 2379 incomparabiliter
2115 2280 2580 2359 excellentior
2632 2293 2883 2363 mente
2929 2284 3107 2365 nost

1308 2380 1466 2457 bilis
1506 2384 1640 2457 erit
1674 2382 1896 2459 oculis
1930 2384 2276 2477 corporis.
2651 2402 2662 2425 ·

917 2470 1098 2553 tpist„
1148 2494 1249 2585 νς·
1416 2496 1483 2575 ς.
1544 2479 1694 2557 Cur
1722 2480 1880 2556 solis
1903 2484 2166 2568 oculis,
2203 2503 2354 2557 non
2390 2480 2600 2557 etiam
2619 2476 2766 2557 aliis
2811 2476 3107 2561 sehfibu

1311 2601 1469 2654 rum
1527 2587 1782 2664 pariter
1835 2582 2362 2663 indulgeretur,
2425 2593 2504 2654 ut
2541 2577 2780 2655 Deum
2849 2583 3107 2661 atrine
