3250 5392
734 252 748 275 ι,
803 258 808 267 .

770 334 776 345 ,
829 309 837 336 l

109 512 115 523 ι
541 500 545 517 ι

661 582 662 587 ¹
879 580 883 593 ι

209 758 213 767 ⁵
311 812 314 817 ’
359 808 458 918 δη
569 801 1262 920 Theu.uog.&utoral.tib.1.

364 975 620 1075 crrstffionam,
643 1001 721 1077 cap·
733 995 767 1068 5.
786 1008 816 1071 ·„
830 1036 852 1072 „
867 977 1169 1062 Voluntasnova,
1191 979 1321 1069 iurarit,
1336 988 1428 1079 quae<

364 1079 459 1162 mihi
476 1076 730 1175 essecoeperat‚
762 1095 803 1156 ut
826 1098 862 1157 te
877 1085 985 1176 gratis
1009 1082 1185 1160 colerem,
1214 1080 1355 1178 fruique
1381 1088 1422 1154 te‘

368 1181 518 1265 vellem,
536 1175 637 1257 Deus
651 1177 721 1254 sola
731 1194 824 1256 certa
835 1181 1056 1274 jucunditas,
1070 1181 1235 1282 nondum
1251 1195 1325 1264 erat
1338 1176 1418 1253 ido-

370 1304 438 1359 nea
455 1279 499 1355 ad
512 1277 740 1377 superandam
755 1282 909 1376 priorem
927 1281 1096 1357 vetustate
1109 1283 1335 1373 roboratam„
1362 1275 1419 1355 lta

369 1380 454 1457 duae
467 1378 665 1456 voluntates
676 1401 763 1454 meae
775 1435 785 1464 ‚
798 1403 868 1455 una
879 1397 979 1457 vetus
993 1436 1003 1465 ,
1017 1382 1081 1457 alia
1097 1405 1215 1463 nova,
1231 1380 1425 1456 illamam--

368 1480 438 1564 lis,
453 1480 512 1560 ista
523 1478 678 1576 spiritalis
690 1533 699 1563 ,
712 1476 954 1574 confligebant
967 1483 1058 1556 inter
1079 1479 1132 1556 se,
1160 1496 1270 1573 atque
1289 1476 1430 1552 ditem..

280 1660 283 1667 ,
372 1578 498 1661 dando
512 1575 719 1676 dissipabant
729 1583 883 1655 animam
904 1605 1041 1657 meam·
1057 1626 1086 1653 ·.
1114 1577 1190 1674 Ego
1213 1595 1334 1655 autern
1358 1575 1421 1651 ad·

373 1677 452 1756 huc
467 1696 556 1754 terra
571 1680 748 1777 obligatus
771 1679 919 1756 militare
937 1683 999 1757 tibi
1016 1678 1236 1756 recusabam,
1256 1679 1293 1752 δι
1307 1680 1421 1773 impe·

375 1779 544 1854 dimentis
557 1783 725 1855 omnibus
742 1777 790 1854 stc
802 1781 969 1855 timebam
983 1781 1142 1875 expediri
1157 1828 1167 1860 ,
1183 1777 1422 1876 quemadmo-

374 1879 467 1956 dum
489 1879 650 1976 impediri
671 1878 869 1955 timendum
889 1880 949 1955 est·
976 1879 1026 1956 lta
1042 1880 1168 1956 sarcina
1183 1878 1305 1954 seculi,
1322 1876 1422 1953 velut

374 1979 508 2056 somno
528 1974 674 2062 assolet,
698 1977 848 2057 dulciter
878 1982 1080 2077 premebam
1102 1980 1137 2053 dr
1158 1978 1426 2074 cogitationes,-

373 2079 505 2175 quibus
519 2079 711 2156 meditabar
724 2088 760 2157 in
782 2094 841 2163 te,
856 2075 981 2154 similes
991 2096 1088 2156 erant
1100 2082 1285 2155 conatibus
1296 2098 1422 2171 exper-

376 2176 465 2274 gisci
476 2179 696 2256 volentium,
742 2184 776 2255 ui
791 2191 910 2254 tamen
925 2178 1073 2273 superati
1084 2179 1218 2274 soporis
1235 2177 1428 2252 altitudine

374 2298 636 2375 remerguntur.
667 2206 808 2358 Restant
822 2302 931 2354 nemo
948 2279 997 2354 est
1011 2334 1021 2365 ‚
1037 2282 1098 2378 qui
1118 2280 1275 2355 dormire
1288 2275 1423 2367 semper

377 2377 485 2464 uelit,
500 2382 739 2478 omniumque
757 2379 840 2455 sano
850 2379 986 2472 judicio
1006 2378 1148 2475 vigilare
1172 2377 1333 2473 preslatt
1356 2374 1423 2464 dis-

377 2474 449 2577 fert
467 2491 583 2553 tamen
599 2479 810 2579 plerumque
823 2477 938 2555 homo
952 2479 1115 2557 somnum
1131 2491 1322 2559 excutere,
1337 2496 1424 2555 eum

380 2579 498 2671 gravis
511 2593 639 2675 torpor
653 2582 688 2654 in
705 2581 870 2654 membris
890 2579 959 2664 est,
984 2603 1139 2675 eumque
1150 2581 1220 2671 jam
1240 2576 1424 2671 displicen-

379 2691 457 2754 tem
489 2683 600 2773 carpit
617 2678 803 2764 libentius,
831 2685 989 2775 quamvis
1012 2676 1173 2775 surgendi
1201 2691 1343 2768 tempus
1365 2674 1425 2747 ad-

380 2780 528 2859 venerit.
550 2775 600 2854 lta
617 2797 754 2856 certum
769 2779 951 2862 habebam,
968 2777 1033 2854 esse
1047 2780 1169 2852 melius
1184 2793 1252 2852 tuae
1264 2774 1425 2849 charitati

381 2877 583 2953 neededere
605 2933 614 2961 ,
636 2901 742 2974 quam
767 2904 854 2954 meae
872 2880 1055 2972 cupiditati
1076 2879 1210 2953 cedere·
1246 2874 1316 2950 Sed
1336 2871 1424 2948 illud

382 2975 565 3070 placebat,
585 2979 622 3052 δι
635 2982 821 3072 vincebat3
842 2980 914 3055 hoc
926 2979 1074 3061 libebat,
1091 2981 1124 3051 dr
1139 2976 1324 3065 vincebat3
1347 2997 1424 3049 noo

383 3079 482 3152 enim
515 3092 611 3164 erat,
652 3079 752 3176 quod
775 3083 836 3155 tibi
870 3079 1117 3177 responderem
1153 3078 1282 3151 dicenti
1310 3071 1423 3150 mihi:

382 3230 406 3268 „
419 3182 542 3269 Surge,
566 3179 623 3271 qui
631 3181 775 3264 dormis,
792 3185 832 3249 (a
847 3179 979 3273 exsurge
992 3208 1011 3245 a
1026 3183 1185 3256 mortuis,
1201 3179 1242 3246 (a
1264 3175 1427 3241 rllumr'nr.

384 3269 466 3368 „bit
487 3296 520 3345 te
535 3275 698 3355 Cluilius:
717 3276 926 3376 Eturrdique
939 3277 1136 3356 ostendenti
1149 3301 1225 3351 vera
1237 3292 1271 3349 te
1282 3276 1424 3357 dicere,

386 3399 464 3452 non
491 3393 563 3452 erat
595 3382 746 3454 omnino
766 3434 775 3462 ,
799 3380 899 3476 quod
914 3378 1162 3475 responderem
1180 3379 1322 3451 veritate
1337 3397 1425 3447 con·

385 3475 497 3550 vitlus
525 3532 535 3559 ,
569 3477 632 3553 nist
660 3493 796 3553 tantum
822 3482 925 3555 verba
956 3481 1080 3561 lenta,
1121 3480 1155 3549 ἃ
1180 3474 1426 3563 sorrrnolerrta;

382 3572 506 3651 lllodo
521 3599 531 3656 t
549 3601 631 3653 ecce
648 3579 783 3653 modot
807 3579 888 3654 Sine
903 3580 1106 3673 paullulum.
1133 3576 1226 3659 Sed,
1248 3573 1368 3650 sl‘lodo
1389 3574 1426 3648 &

382 3676 605 3760 modo‚non
630 3677 804 3754 habebant
829 3680 1003 3756 modum:
1021 3677 1084 3756 tt,
1103 3678 1184 3751 Sine
1204 3674 1425 3775 paullulum,

383 3776 421 3850 in
441 3777 592 3874 longum
613 3779 684 3858 ibat
704 3835 726 3870 ,,
739 3824 772 3870 „-

791 3971 826 4055 §-
878 3962 1013 4044 Xll.

383 4121 504 4196 Gratia
513 4119 673 4215 sufficiens
686 4148 822 4201 vanarn,
845 4124 1035 4216 proprieque
1053 4120 1172 4191 uittam
1190 4121 1373 4216 potentiam
1386 4123 1427 4192 ad

661 4247 737 4318 opus
756 4225 1001 4312 supernaturale
1021 4221 1155 4307 tribuit,

211 4361 372 4488 Gratiriuf:
387 4382 419 4464 ll
442 4383 694 4546 Firmissime
717 4383 911 4458 tenendum
934 4381 1003 4457 eu,
1022 4382 1169 4474 gratiam
1194 4376 1423 4454 sufficientem

192 4439 294 4503 ficiens
306 4459 361 4500 eon
554 4488 559 4497 ,
955 4486 960 4496 .
1087 4488 1130 4514 ,Α
1357 4482 1364 4493 .

192 4521 249 4580 rer-r
270 4517 374 4577 voirrn·
518 4489 669 4561 tribuere
682 4509 797 4560 reram
817 4504 1056 4580 ‚proprieque
1079 4480 1204 4553 dulam
1226 4493 1424 4576 potentiam

188 4602 280 4655 terem
323 4591 374 4678 δρ-
388 4589 429 4661 ad
446 4615 536 4687 opus
555 4587 829 4688 supernaturale,
853 4596 999 4676 propter
1022 4581 1120 4674 quod
1136 4578 1237 4654 datur
1252 4625 1260 4654 a
1274 4605 1306 4653 v·
1322 4601 1362 4673 g·
1381 4575 1424 4651 ad

189 4685 257 4728 ”³²¹¹
282 4687 291 4738 ³
327 4668 624 4772 “serrat-mrum,
647 4687 689 4761 ad
708 4690 922 4760 vincendum
945 4688 1178 4756 tentationes,
1200 4679 1243 4754 ad
1273 4700 1424 4753 conver-

99 4760 103 4767 '
211 4762 307 4803 artum
321 4750 369 4807 ,bt
390 4787 407 4809 ρ
722 4791 726 4800 ,
1062 4788 1066 4796 .
1312 4780 1318 4792 .

94 4762 351 4975 ww
387 4814 521 4867 uunem
552 4807 770 4891 pererrans,
803 4787 846 4865 ad
872 4784 1126 4861 observantiam
1150 4796 1320 4879 ptaeceptr
1345 4831 1357 4862 ,
1380 4774 1423 4854 ad

1292 4900 1374 4975 per·
