3250 5392
265 766 268 771 ’
407 767 478 865 Dc
494 762 593 856 Fide
606 819 622 865 ,
635 767 678 854 dc
693 763 911 889 symbolo.
944 796 949 806 ’
1112 780 1200 876 485„

159 941 238 1011 orda
257 931 386 1024 ordre,
407 935 620 1022 clamantem,
643 931 754 1037 Abbt9
776 943 887 1008 Peter.
908 936 1085 1042 Joan..15‚
1098 938 1198 1015 ‘cm
1329 932 1338 949 '

159 1058 250 1109 *utem
267 1037 399 1108 uenerit
424 1036 630 1123 Paracletus,
651 1058 743 1132 quern
759 1059 816 1130 ego
834 1040 966 1109 mittam
979 1032 1075 1110 orbis
1094 1043 1199 1115 rra..

159 1162 215 1224 rt,
241 1140 400 1231 Spiritum
427 1135 612 1217 Veritatis,
633 1143 692 1231 qui
714 1160 734 1206 a
760 1143 858 1208 Patre
878 1139 1048 1229 procedit,
1071 1135 1123 1207 itte
1142 1154 1195 1212 ter

159 1233 324 1308 timonium
344 1232 528 1330 perhibebit
544 1238 582 1306 de
599 1259 659 1311 me.
687 1234 762 1317 Cur
780 1260 870 1335 ergo
892 1260 969 1314 non
993 1236 1190 1322 credamur,

159 1338 243 1433 'uod
269 1341 375 1414 etiam
394 1335 438 1417 de
461 1333 550 1413 Filio
572 1335 744 1433 procedat
763 1335 913 1436 Spiritus
931 1337 1083 1427 santius,
1100 1360 1188 1440 ¹cum

159 1434 219 1513 inii
238 1460 385 1536 quoque
404 1434 474 1534 ipse
495 1433 537 1512 [it
555 1432 730 1531 Spiritus?
755 1491 808 1528 „,‚
821 1434 857 1516 Si
871 1440 966 1513 enim
985 1439 1030 1515 ab
1050 1460 1095 1513 eo
1112 1459 1190 1514 nou

159 1538 375 1621 incederet,
399 1559 473 1612 non
492 1534 572 1630 post
589 1534 889 1621 Resurrectionem
901 1535 935 1617 ie
951 1535 1189 1633 representans
1315 1531 1324 1555 ³

159 1635 315 1734 iiscipnlis
343 1635 410 1712 suis
447 1632 666 1723 insufflasset,
693 1634 834 1714 dicens:
855 1630 1005 1726 Accipite
1028 1611 1349 1725 Spiritumlmw·
1440 1716 1443 1724 ,

159 1734 295 1814 indum.
320 1733 419 1837 Quid
448 1733 653 1813 enimaliu'd
678 1731 954 1832 significavitilir
978 1734 1193 1824 insufflatio,

159 1831 208 1908 rifi
221 1834 320 1934 quod
336 1835 507 1929 procedat
518 1832 668 1928 Spiritus
685 1833 817 1919 santius
829 1836 865 1908 ἃ
878 1834 923 1910 de
933 1834 1008 1934 ipio
1022 1836 1040 1918 2
1052 1835 1089 1911 Si
1101 1859 1193 1932 ergo

159 1935 180 2007 ir
195 1932 238 2007 de
253 1933 353 2010 Patre
366 1981 376 2010 2
391 1934 428 2008 de
440 1933 484 2010 de
496 1930 585 2009 Filio
600 1932 763 2030 procedit
781 1932 930 2032 Spiritus
954 1933 1109 2028 sandus3
1123 1957 1190 2018 cus
1258 2012 1267 2025 ,

159 2029 248 2108 *ilius
269 2032 381 2110 dixit:
411 2036 466 2102 De
504 2039 604 2102 Patre
644 2034 834 2126 procedit?
869 2034 945 2124 Cur
976 2052 1078 2132 putas
1101 2031 1191 2119 ‚nii
1258 2036 1260 2040 ’

159 2129 1189 2330 deiidi‘idiii{iiiiiiiiiifii‘'qio‘ii‘ifpdil

159 2254 370 2400 'utitinaqrrorr
389 2327 432 2406 td
453 2355 545 2415 mer,
565 2331 620 2417 sed
637 2331 728 2423 ejus,
751 2335 809 2427 qui
829 2356 877 2402 me
893 2329 1001 2421 miftt,
1023 2333 1059 2414 Si
1079 2337 1194 2431 igitur

159 2431 348 2526 ntelligitur
371 2429 429 2506 hic
447 2433 520 2526 ejus
538 2430 716 2518 dodrinu,
739 2455 848 2530 quam
867 2449 983 2517 tanuen
1002 2433 1093 2510 dixit
1111 2459 1188 2512 non

159 2530 265 2615 uam,
297 2529 355 2613 sed
383 2530 512 2624 Putris;
539 2546 674 2627 quanto
702 2534 811 2627 magis
844 2531 914 2606 illic
940 2532 1191 2631 intelligendus
1337 2605 1342 2613 .

159 2630 212 2715 est,
241 2632 277 2708 dr
304 2631 349 2705 de
375 2632 450 2730 ipso
482 2629 677 2726 procedere
704 2633 853 2729 Spiritus
870 2630 1026 2714 candus,
1052 2636 1114 2709 nbi
1140 2631 1187 2710 fic

162 2731 210 2804 it:
238 2733 292 2799 De
311 2737 410 2798 Patre
427 2731 572 2820 procedit
586 2785 596 2815 ‚
612 2746 661 2804 ⁴ut
684 2752 759 2805 non
783 2730 939 2806 diceret:
961 2729 1019 2816 De
1039 2756 1097 2807 nse
1114 2755 1193 2815 nou·

159 2828 336 2912 uocedit?
366 2833 393 2906 Α
448 2853 495 2903 uo
520 2847 637 2907 antem
662 2826 769 2905 habet
793 2829 923 2914 Filius,
949 2845 988 2908 ut
1018 2829 1059 2907 [ιι
1074 2830 1193 2919 Deust-

174 2927 228 3006 ist
247 2933 341 3006 enim
362 2930 407 3005 de
469 2953 513 3003 eo
539 2927 684 3010 Denso
710 2931 754 3003 ab
777 2929 838 3005 iilo
858 2928 964 3011 habet
986 2935 1120 3033 utique.
1145 2947 1189 3017 ut

162 3032 245 3103 tiam
274 3028 319 3104 de
342 3027 405 3104 illo
431 3027 603 3126 procedat
631 3029 777 3125 Spiritus
796 3027 949 3120 sandins3
972 3052 1013 3107 ac
1035 3055 1095 3126 per
1112 3029 1186 3107 hoc

159 3126 456 3225 ipiritussantius,
485 3146 525 3206 nt
552 3131 656 3207 etiam
682 3127 726 3202 de
758 3126 846 3206 Filio
864 3124 1067 3226 procedat,
1095 3129 1184 3206 ficut

159 3231 306 3311 trocedit
326 3231 371 3304 de
391 3227 509 3315 Putre,
530 3232 572 3304 ab
595 3227 669 3322 ipso
688 3227 794 3311 habet
811 3228 988 3320 Patrem„
1013 3229 1072 3312 Sic
1084 3227 1185 3307 diffie·
1303 3244 1306 3254 '

159 3331 186 3402 it
212 3333 240 3400 S.
265 3335 350 3421 Aug.
376 3327 493 3406 Trad·
508 3344 556 3420 99
597 3332 631 3402 in
653 3327 763 3418 Joan.

203 3424 296 3510 Hinc
309 3432 413 3511 etiam
430 3427 647 3523 intelligitur,
676 3450 825 3506 curnon
841 3422 975 3522 dicatur
989 3445 1090 3517 natus
1106 3425 1183 3513 eise,
1224 3434 1284 3499 cur
1303 3437 1387 3514 spirt-
1473 3483 1478 3495 .

159 3526 198 3601 'cd
218 3527 411 3625 procedere
429 3527 576 3626 Spiritus
588 3527 730 3604 lintius.
758 3583 813 3620 ‚‚„
867 3531 1009 3604 nonium
1024 3526 1096 3605 fi&
1115 3527 1184 3626 ipse
1199 3527 1250 3649 ξω
1272 3513 1385 3602 Γὲῃᾶω

159 3624 248 3701 silius
274 3627 475 3711 diceretur,
503 3631 692 3713 amborum
719 3630 843 3736 utique
893 3628 968 3710 iiius
996 3631 1181 3719 diceretur,
1202 3591 1386 3738 „Quidni

159 3725 242 3824 {uod
254 3723 529 3802 absurdiffimunr
544 3725 603 3805 est.
633 3723 737 3803 Filius
752 3730 888 3825 qnippe
901 3727 1016 3804 nuilus
1030 3727 1078 3806 est
1093 3727 1181 3806 duo·
1202 3744 1374 3821 procedens.

161 3847 248 3906 nm,
276 3823 334 3900 nist
358 3823 489 3910 Patris,
516 3827 551 3900 &
574 3825 712 3917 Matris,
741 3825 836 3904 dbfit
862 3842 1004 3909 antem,
1029 3841 1067 3903 ut
1092 3829 1183 3901 inter

159 3922 262 4000 )eurn
284 3922 439 4012 Putrem,
462 3927 498 4002 de
520 3923 642 4004 Deum
658 3923 780 4009 Filium
801 3925 869 4000 tale
885 3925 1015 4023 aliquid
1036 3923 1184 4020 inspice·
1201 3940 1214 3997 ·.

159 4046 229 4098 nur.
257 4024 352 4123 Quia
367 4050 432 4102 nec
444 4025 532 4102 filius
560 4023 749 4108 hominurn
780 4022 878 4105 florui
899 4025 995 4108 &ex
1012 4039 1119 4121 putre,
1143 4025 1182 4101 dr
1308 4028 1310 4037 '

159 4144 188 4199 *x
210 4128 320 4202 mitre
342 4129 522 4219 procedit;
551 4125 708 4201 sedeam
732 4125 768 4198 in
788 4143 935 4199 matrem
957 4121 1120 4218 procedit
1134 4146 1182 4212 ert
1266 4156 1270 4165 ·
1298 4155 1317 4203 ,·
1356 4151 1372 4164 ··

159 4238 258 4306 intre,
280 4248 355 4300 non
372 4243 459 4301 tunc
477 4223 640 4323 procedit
659 4246 704 4298 ex
725 4237 857 4302 matre,
882 4224 918 4298 dr
934 4247 1018 4323 conr
1040 4226 1074 4298 iu
1088 4221 1181 4314 hinc
1284 4229 1286 4232 ’

159 4345 255 4403 ocem
277 4324 439 4420 procedit
458 4348 503 4400 ex
525 4342 655 4408 matre,
678 4346 752 4398 non
769 4338 855 4399 tunc
880 4323 1100 4418 proceditex
1120 4347 1183 4421 pa·
1240 4391 1242 4395 .

159 4444 204 4503 re.
232 4423 513 4521 Spiritusautetn
529 4421 662 4501 sendus
679 4445 754 4497 non
781 4419 826 4496 de
845 4420 944 4498 Patre
968 4422 1181 4520 proceditin
1296 4506 1309 4530 ἱ,

159 4518 286 4608 ilium,
312 4524 348 4597 de
371 4522 416 4597 de
438 4523 525 4602 Filio
548 4520 712 4621 procedit
729 4520 773 4596 ad
789 4519 1066 4598 sanctificandam
1088 4545 1199 4599 crea».
1304 4554 1313 4579 ³

159 4644 274 4699 uram,
296 4620 351 4698 [εά
373 4619 474 4697 fimus
492 4623 537 4696 de
554 4637 708 4719 utroque
725 4621 889 4716 procedit
907 4646 919 4715 ;
934 4626 1096 4719 quamvis
1111 4619 1184 4702 hoo
1213 4714 1215 4716 ,
1236 4716 1243 4728 ἱ

159 4718 228 4799 'ilio
254 4719 355 4800 Pater
383 4722 544 4816 dederit,
573 4719 949 4899 utlpupmrduroduin
975 4723 1020 4800 de
1048 4721 1112 4897 [οᾶ
1132 4724 1193 4804 itt.

505 4845 510 4855 ,
742 4837 760 4914 3
952 4837 954 4841 -
1114 4842 1134 4899 t

896 4943 1000 5015 ..φ
