3250 5392
96 187 1511 563 .-

302 684 304 689 -
439 687 513 838 De
529 743 630 835 Fide
653 749 695 838 δι
716 744 936 861 Symbolo.
1142 774 1253 879 453,
1351 801 1355 807 -

160 940 226 1020 pet
268 911 481 994 ineffabilem
517 913 645 995 Christi
664 919 839 1013 gratiam,
859 941 967 1018 quarn
987 941 1052 1017 pet
1070 915 1207 996 diaboii

159 1013 384 1094 amiseramus
413 1012 594 1096 invidiam.
636 1016 733 1093 Nam
756 1040 851 1119 quos
873 1017 1069 1098 virulentus
1086 1019 1205 1096 inimi·

160 1140 225 1194 cus
247 1117 352 1213 primi
369 1114 558 1191 habitaculi
582 1113 747 1192 felicitate
778 1117 930 1213 dejecit,
954 1141 1015 1203 eos
1036 1115 1098 1194 fibi
1113 1133 1204 1194 con·

159 1230 374 1312 corporatos
387 1212 456 1290 Dei
468 1211 570 1291 Filius
579 1214 623 1290 ad
635 1217 799 1292 dextram
819 1215 927 1293 Patris
939 1218 1205 1310 collocaritnn.

159 1313 345 1395 Habemus
368 1310 591 1399 Dominum,
613 1315 649 1388 δι
667 1313 887 1393 Salvatotetn
903 1317 1065 1396 nostrum
1085 1315 1205 1415 jesum

161 1412 342 1493 Christum
356 1418 449 1508 prius
472 1414 687 1508 pendentem
711 1418 747 1490 in
765 1415 885 1512 ligno,
907 1441 1004 1513 nunc
1026 1414 1208 1495 sedentem

160 1515 200 1589 in
219 1515 329 1596 coeio.
354 1567 407 1603 „‚‚
419 1509 572 1588 Pretium
596 1513 754 1591 nostrum
784 1516 906 1594 dedit,
928 1539 1012 1594 curn
1035 1513 1206 1613 penderet

161 1615 199 1688 in
219 1615 342 1708 iignot
362 1611 521 1708 colligit,
542 1613 641 1710 quod
662 1617 768 1697 emit,
787 1637 872 1692 cum
893 1607 987 1693 sedet
1004 1620 1041 1692 in
1055 1615 1207 1692 coeioz..

162 1709 321 1795 Christus
340 1708 494 1788 ascendit
512 1714 546 1784 in
559 1712 707 1794 coelum,
727 1711 889 1793 ascendat
904 1738 988 1793 cum
1006 1713 1067 1791 illo
1087 1716 1124 1790 &
1140 1732 1206 1792 cot
1268 1708 1271 1729 ¹

160 1812 347 1899 nostrum3
369 1807 457 1886 ficut
472 1811 569 1885 enim
590 1813 646 1884 iiie
661 1811 834 1898 ascendit,
862 1837 929 1891 nec
948 1812 1081 1892 tecessit
1101 1837 1121 1890 a
1138 1836 1206 1888 no·

160 1912 239 1988 bis,
266 1908 313 1986 [ic
340 1909 377 1984 &
404 1931 471 1984 nos
500 1931 585 1986 curn
616 1908 679 1986 ilio
704 1913 752 1988 ibi
777 1913 850 2007 jam
875 1916 1016 2002 sumus,
1046 1914 1207 2014 quamvis

160 2007 329 2087 nondum
356 2013 570 2106 incorpore
598 2009 721 2090 nostro
750 2011 878 2090 fatiunt
906 2012 970 2101 stt,
995 2013 1096 2116 quod
1123 2035 1209 2110 pto·

160 2112 314 2186 mittitur
336 2108 449 2184 nobis.
478 2107 608 2208 Neque
628 2114 722 2185 enim
746 2134 934 2211 propterea
960 2117 1062 2191 nobis
1086 2110 1208 2210 despe-

159 2206 509 2306 tanduestpetieiia,
533 2212 736 2304 &angelica
753 2211 1101 2292 coereitishabitano
1124 2213 1207 2313 quia

160 2309 273 2385 dixit:
300 2311 412 2378 Nemo
436 2306 577 2390 ascendit
604 2310 640 2379 in
662 2311 797 2397 cuium,
827 2309 888 2401 nrfi
910 2316 967 2404 qui
985 2312 1144 2400 descendit
1165 2309 1407 2393 inim-3011·

98 2474 110 2487 „
160 2407 260 2486 tuin,
283 2406 558 2492 utriushominis,
579 2406 698 2501 quiesi
718 2413 754 2480 in
775 2413 860 2487 coeiu.
891 2409 963 2487 Sed
985 2412 1057 2489 hoc
1070 2411 1204 2490 dietum

98 2496 111 2573 i
161 2508 211 2584 est
241 2525 388 2605 propter
413 2509 612 2591 unitatem,
639 2531 708 2607 qua
737 2525 845 2607 caput
878 2512 1038 2592 nostrum
1067 2511 1204 2601 est,&

98 2642 105 2701 ς
159 2630 229 2682 nos
250 2629 381 2704 corpus
405 2608 491 2699 ejus·
518 2606 612 2685 Cum
639 2608 792 2690 ascendit
820 2614 856 2684 in
880 2612 1039 2698 coelum,
1068 2634 1134 2686 nos
1159 2613 1204 2686 ab

158 2707 306 2784 illonon
321 2705 527 2802 l'epurarnur.
555 2710 630 2808 Qui
647 2707 692 2784 de
704 2709 802 2789 coelo
824 2705 1013 2785 descendit,
1034 2735 1111 2787 uon
1136 2734 1205 2785 no·

98 2802 109 2829 '
159 2808 212 2882 bis
225 2807 359 2881 invidet
369 2804 525 2891 coelum,
548 2807 605 2884 sed
621 2808 895 2904 quodammodo
914 2807 1061 2884 clamat:
1085 2807 1206 2890 Mem·

158 2908 221 2983 bra
233 2929 310 2981 mea
333 2903 456 2979 estote.
482 2903 506 2980 it
525 2906 708 2982 ascendere
721 2909 824 2984 ruitis
842 2913 878 2983 in
894 2909 1041 2989 coetum.
1071 2907 1108 2984 {n
1132 2907 1205 2986 hoc

158 3025 249 3102 ergo
270 3000 333 3103 ipit
355 3005 493 3085 interint
511 3007 747 3086 roboremur,
767 3010 803 3082 in
826 3004 898 3085 hoc
917 3012 1019 3083 votis.
1032 3012 1200 3086 omnibus

99 3112 101 3129 '
158 3109 353 3185 aestuenaus·
379 3100 464 3182 Hoc
487 3104 699 3185 meditentur
719 3110 754 3183 in
777 3111 900 3191 terris,
926 3107 1027 3206 quod
1048 3131 1203 3205 compu-

156 3221 278 3283 tamur
299 3209 336 3280 in
359 3206 475 3280 coelis.»
505 3203 613 3283 Tunc
637 3208 779 3284 exuturi
802 3228 945 3283 curnem
967 3209 1200 3293 mortalitatis,

157 3329 259 3384 nunc
282 3328 453 3385 exuamus
482 3308 588 3384 animi
619 3309 837 3387 vetustatem·
862 3304 976 3384 Facile
1000 3332 1132 3404 corpus
1155 3306 1204 3380 ie·

158 3409 297 3482 rabitur
321 3408 359 3479 in
389 3405 457 3483 alta
486 3410 690 3492 coeiorum,
720 3405 839 3484 finon
870 3426 1007 3505 premat
1043 3406 1204 3504 spiritum

158 3503 290 3581 sarcina
302 3522 532 3605 peccatorum
545 3561 566 3597 ‚‚
579 3562 611 3597 „.
637 3509 772 3602 (iuquic
792 3515 825 3575 ὅ.
842 3509 973 3600 unguii.
992 3507 1102 3585 Senn.
1119 3515 1207 3598 263.

154 3605 239 3681 alias
261 3609 299 3670 tie
324 3603 477 3692 Tempore
495 3621 575 3697 174.
606 3607 641 3680 St
666 3615 702 3674 de
731 3604 886 3691 Diverfts
899 3607 986 3698 90.)
1016 3604 1056 3681 ld
1078 3629 1203 3704 porto,

157 3718 202 3782 ut
229 3699 510 3802 consequamur,
541 3705 585 3781 ad
612 3703 734 3784 Deum
764 3706 1013 3806 confugiamus
1040 3763 1050 3792 ,
1093 3728 1202 3804 quern

157 3806 368 3877 Advocatum
387 3804 536 3872 iraebrrnus
553 3814 635 3896 apua
656 3815 797 3893 Patrem,
820 3806 940 3894 Jei'um
959 3802 1118 3885 Ciuilium
1142 3805 1200 3894 ju·
1225 3811 1248 3852 ¹·
1260 3789 1343 3864 1⁰⁸ss
1357 3806 1384 3856 ²·

153 3898 293 3988 lium...
328 3897 492 3976 Habentes
517 3899 706 3991 Pontificem
731 3930 902 3999 mgnum,
930 3909 988 4000 qui
1011 3905 1204 3996 penetravit
1224 3867 1357 3939 Hm*

156 4004 272 4080 cuins,
295 4002 415 4095 glesum
439 4005 559 4075 Filium
583 4008 706 4076 Der...
736 4014 897 4077 Adeamus
923 4029 994 4075 cum
1015 3999 1140 4090 fiducia
1161 4005 1204 4072 ad

156 4105 311 4177 thronum
326 4110 462 4197 gratia,
484 4124 520 4171 ut
537 4102 789 4188 misericordiam
803 4104 1047 4197 canitquurnur,
1065 4109 1105 4176 (9¹
1123 4128 1203 4196 gru.

156 4207 242 4278 tium
255 4205 460 4273 inveniamus
474 4205 508 4274 in
521 4205 646 4278 auxilio
659 4222 849 4299 opportuno.
882 4204 968 4280 Nou
987 4201 1200 4290 acceffimut,

156 4321 200 4384 ut
210 4301 335 4401 Judaeb
351 4306 405 4376 Ad
414 4299 616 4375 tranianum
625 4323 785 4394 montem,
801 4310 842 4376 θ’
857 4303 1074 4391 accerrfibiienr
1085 4310 1204 4397 ignem,

157 4412 202 4478 (θ’
225 4400 415 4484 turbinem,
433 4406 476 4477 (θ’
495 4402 686 4498 caliginem,
711 4407 753 4478 Φ·
769 4405 963 4499 proceiium,
985 4407 1027 4475 (9¹
1050 4400 1132 4474 rubr
1152 4402 1207 4491 [ο.

154 4527 231 4577 num
242 4550 253 4584 ‚
276 4510 319 4577 (u
345 4527 456 4576 vocem
485 4504 681 4592 veriorum,
710 4527 807 4600 quum
821 4557 832 4588 ,
847 4507 906 4598 qui
922 4507 1094 4575 audierunt
1112 4561 1125 4592 ,
1145 4526 1206 4574 er.

155 4602 353 4693 enituerunt
363 4603 415 4692 se,v
434 4626 473 4675 ne
485 4607 533 4673 ris
546 4598 642 4688 fieret
660 4602 849 4680 verbum...
877 4607 937 4674 Seri
947 4611 988 4674 ai
1007 4608 1083 4676 Sion
1107 4611 1205 4675 Mun.

160 4724 247 4798 tem,
272 4709 313 4781 (r
329 4708 512 4781 ciuitatem
541 4706 611 4889 Dii
627 4707 818 4882 fru‘aunris,
836 4704 1028 4798 Jeruiuirnr
1040 4700 1205 4878 turingus

626 4820 628 4824 '
665 4822 693 4886 2

1226 4275 1318 4347 Hebe.
1333 4293 1378 4341 rt.
1462 4232 1466 4245 ι
