3250 5392
167 183 1522 463 ν

908 304 910 309 ·
950 305 954 313 ι

905 461 909 475 Ι

453 558 461 573 Ι

168 666 172 680 Ι

439 746 510 839 De
530 745 657 852 Fide,
677 746 720 858 dr
741 732 1006 863 Symbolos·
1033 866 1041 887 l
1160 749 1242 886 '341

193 944 280 999 cum
292 917 343 996 co'
355 917 534 997 sommum
546 915 726 995 honorem
743 920 1009 1005 communicet,
1022 938 1099 997 non
1110 914 1247 1019 poffint

194 1025 322 1120 utique
339 1017 460 1116 postea
484 1017 582 1094 oboli
599 1016 644 1093 illi
664 1015 790 1093 decem
812 1018 903 1095 illius
927 1021 1109 1113 memoriae
1127 1016 1247 1097 obser»

192 1125 267 1197 vari
291 1169 302 1202 ,
322 1122 385 1218 qui
403 1117 480 1193 illos
509 1118 772 1204 numeraverit,
793 1140 836 1195 ac
850 1132 980 1196 mutuo
1003 1114 1140 1196 dederit
1158 1136 1168 1196 t
1194 1113 1246 1209 fit

192 1224 279 1298 &in
294 1220 395 1296 nobis
409 1221 539 1298 evenit.
568 1206 690 1296 Multo
715 1223 810 1294 enim
829 1214 931 1315 plura
953 1219 1017 1304 iis,
1043 1238 1124 1318 quat
1138 1203 1245 1294 delo

191 1321 342 1404 bamus,
361 1317 524 1412 rependit
548 1315 727 1400 Christus,
746 1330 782 1393 at
811 1340 856 1393 ue
879 1318 971 1394 adeo
996 1326 1098 1405 tanto
1144 1314 1242 1404 lutaa

192 1435 331 1519 quanto
347 1441 440 1493 mare
456 1416 665 1493 immensum
677 1414 721 1490 ad
733 1339 892 1513 puflllam
905 1426 1045 1516 guttam
1059 1328 1245 1504 rnilitum

191 1521 308 1614 majus
326 1513 391 1607 else
410 1515 523 1612 pollrt.
556 1516 644 1594 Noli
666 1539 754 1614 ergo
777 1517 978 1612 ambigere,
1002 1515 1141 1603 homo,
1158 1526 1266 1613 cun,
1325 1599 1345 1611 ,

190 1632 327 1694 tantam
348 1620 531 1693 bonorum
555 1616 775 1714 opulentiam
796 1615 936 1700 videas,
956 1640 1072 1716 neque
1091 1618 1244 1701 interrm
1302 1632 1305 1641 '

190 1742 277 1815 ges,
305 1715 391 1832 quid
421 1715 491 1794 fieri
516 1718 676 1814 potuerit
693 1769 703 1800 ,
718 1734 758 1791 ut
779 1713 836 1791 illa
860 1718 1006 1800 mortis,
1028 1731 1137 1818 atque
1159 1738 1244 1817 pcc-

188 1819 262 1992 falti
283 1815 425 1994 lcrEtilla
450 1832 551 1892 tanto
573 1816 762 1893 donorum
778 1815 887 1893 veluti
905 1819 994 1894 mati
1008 1799 1242 1900 refflndm&

207 1930 304 1993 outa
354 1932 368 1991 t
443 1973 451 1989 .

244 2012 308 2092 tv.
335 1972 615 2092 Hu’id’beneficio
639 2029 805 2114 quartum
829 2013 916 2097 illud
939 2038 1170 2102 connexum,
1189 2020 1274 2142 at·s
1295 1997 1426 2143 Qun:

222 2140 268 2192 ue
289 2115 508 2212 implicatum
525 2113 594 2192 est.
619 2115 719 2216 quod
741 2113 901 2193 Christus
925 2129 1044 2194 morte
1060 2117 1119 2194 lua
1141 2116 1239 2194 uelut
1255 2096 1441 2220 „ffssssffiae

188 2139 382 2300 Ererilicio.
400 2237 474 2311 quo
488 2213 624 2289 nullum
650 2213 730 2292 Deo
744 2218 903 2311 gratius,
923 2218 959 2292 dr
979 2219 1159 2313 acceptius
1184 2217 1239 2292 of·
1256 2233 1370 2296 Patrem
1388 2249 1443 2289 no.

178 2313 271 2390 ¹ferri
295 2317 434 2410 potuit,
477 2311 585 2390 Patris
616 2318 703 2391 iram
732 2314 1074 2411 &indignationem
1099 2308 1302 2412 prorsmbia
1340 2309 1444 2448 ΞΜ·

188 2416 369 2509 mitigavit
394 2469 405 2499 .
435 2436 590 2511 eumque
621 2417 723 2490 nobis
738 2413 945 2508 placatum,
977 2418 1014 2492 &
1038 2419 1237 2514 propitium
1255 2399 1444 2542 fflfffimffi'

188 2513 357 2595 reddidit.
395 2511 498 2590 Unde
526 2515 716 2612 ilpostolus
738 2530 772 2586 2.
792 2511 957 2592 Corinth·
983 2517 1343 2606 natumnatum
1376 2565 1378 2568 v
1484 2532 1489 2539 ’

194 2637 239 2684 ex
256 2619 345 2700 Dru,
358 2616 414 2708 qui
429 2637 484 2682 nos
499 2615 731 2684 reconciliavit
738 2609 803 2701 fibi
812 2633 872 2706 per
894 2614 1078 2695 Cluilium.
1096 2665 1127 2686 ..
1136 2616 1241 2714 Qu.

186 2719 278 2785 niam
290 2716 417 2807 quidem
442 2715 536 2785 Dens
553 2734 625 2782 erat
645 2718 680 2783 in
704 2710 829 2794 Christo
854 2724 1006 2786 mundum
1027 2713 1242 2789 reconciliatis

184 2810 248 2906 fibi
261 2865 270 2898 ,
285 2839 344 2882 non
359 2832 512 2908 reputant
533 2813 599 2882 illis
620 2813 738 2884 delitui
759 2812 909 2906 ipsorum.
936 2811 981 2893 Et
1006 2812 1049 2890 ad
1072 2811 1242 2915 Ephelio's

185 2939 266 3010 cap.
285 2936 316 2997 ς.
339 2911 483 2992 Clirtstus
502 2915 701 2989 dilexitnos
721 2915 785 3001 ,Θ
806 2919 948 3001 tradidit
956 2915 1162 3008 semetiplirm
1181 2928 1264 3010 ρκ’

186 3011 279 3086 nobis
300 3010 517 3098 oblationem,
538 3016 580 3085 Θ
597 3011 731 3091 lindiam
751 3016 871 3086 Deoln
889 3020 1018 3087 odorem
1042 3013 1241 3101 suavitatis,

186 3113 320 3196 Divina
333 3115 458 3209 justitia
476 3115 602 3211 placari
618 3139 691 3190 non
715 3129 875 3213 poterat,
907 3114 971 3218 niss
1003 3115 1144 3194 vidima
1170 3121 1243 3215 pia·

185 3216 296 3292 culari
315 3215 453 3315 aliqua,
469 3239 547 3313 quae
562 3216 604 3290 ad
623 3218 655 3289 id
669 3240 730 3310 par
747 3213 839 3291 effet.
869 3216 1151 3310 „Quaerendum
1169 3233 1244 3299 erat

184 3372 208 3410 „
222 3314 451 3404 sacrificium3
468 3315 523 3389 sed
538 3316 638 3412 quale
653 3313 860 3392 lactificiunt
883 3334 1023 3410 poterat
1037 3341 1103 3415 pro
1128 3318 1242 3395 absol·

184 3473 209 3511 „
227 3417 349 3493 vendis
384 3415 590 3491 homiuibus
619 3416 801 3492 inveniri?
832 3414 962 3517 Neque
992 3422 1086 3519 eninr
1107 3419 1240 3516 justum

184 3573 209 3609 „
224 3516 310 3598 fuit,
328 3519 347 3612 (
359 3519 466 3609 inquit
478 3521 510 3584 S.
526 3518 624 3607 (ἶνις.
645 3513 723 3597 Lib,
742 3533 798 3609 17.
820 3521 1027 3611 Moralium,
1046 3542 1123 3616 cap,
1151 3512 1205 3601 18.
1221 3515 1239 3612 )

186 3670 210 3709 „
227 3637 265 3691 ut
277 3639 345 3715 pro
361 3614 520 3693 rationali
533 3612 680 3691 homine
703 3619 892 3694 brutorum
915 3618 1118 3695 animalium
1141 3620 1238 3696 vitii·

183 3714 547 3809 „nrae.caederentur.
589 3712 686 3811 Ergo
708 3714 733 3790 ll
756 3717 859 3792 bruta
895 3720 1053 3794 animalia
1087 3736 1237 3818 propter

182 3816 392 3907 „rationale
414 3816 561 3900 animal,
582 3815 699 3900 idest,
718 3813 1072 3915 prohominedignae
1088 3818 1236 3902 vidimae

180 3969 205 4007 „
220 3940 295 3992 non
309 3916 472 4000 fuerunt,
489 3916 720 4011 requirendus
742 3930 814 3990 erat
834 3914 973 4003 homo,
993 3923 1055 4017 qui
1076 3942 1142 4011 pro
1166 3919 1234 3997 ho·

181 4067 206 4108 „
222 4017 374 4092 minibus
388 4014 508 4098 offerri
527 4013 716 4100 debuillet,
739 4031 779 4094 ut
800 4038 867 4110 pro
883 4018 1043 4092 rationali
1061 4034 1233 4118 peccante

181 4168 206 4206 „
223 4117 402 4191 rationalis
416 4115 525 4192 hostia
537 4117 753 4192 m-adlaretur.
784 4114 854 4190 Sed
867 4117 974 4212 quid,
993 4121 1093 4213 quod
1115 4117 1231 4197 homo

181 4267 206 4305 „
220 4213 450 4308 stnepeccato
463 4218 609 4291 inueniri
623 4240 698 4291 non
711 4215 874 4311 poterat?
889 4219 924 4291 dr
948 4218 1065 4294 oblata
1078 4242 1146 4316 pro
1167 4242 1234 4297 no·

180 4317 269 4406 „bis
288 4314 420 4396 hostia,
442 4316 588 4414 quando
615 4339 712 4393 nosa
735 4332 885 4412 peccato
907 4317 1078 4395 mundare
1094 4320 1232 4416 potuit,
1292 4342 1294 4345 ’

179 4468 205 4507 ,,
221 4414 325 4513 fiipsa
343 4414 456 4492 hostia
470 4416 606 4510 peccati
621 4418 841 4510 contagione
855 4437 930 4491 non
941 4418 1099 4494 careret?
1112 4419 1234 4516 lnqui-

179 4536 299 4608 „nata
332 4518 465 4616 quippe
505 4517 703 4614 iniquitates
744 4513 917 4592 nrun‘dare
954 4541 1029 4594 non
1051 4518 1231 4616 potuillet

178 4671 203 4709 ,‚
223 4616 319 4713 Ergo
336 4631 375 4691 ut
402 4615 581 4690 rationalis
597 4610 681 4691 ellet
706 4611 843 4700 hostia,
872 4615 986 4692 homo
1007 4617 1119 4695 fuerat
1143 4619 1232 4697 offe·

177 4721 364 4812 ,tendum
382 4731 523 4798 utvero
538 4738 557 4794 a
570 4715 725 4821 peccatis
738 4714 926 4797 mundaret
940 4715 1126 4799 hominem
1140 4773 1151 4805 ,
1165 4717 1230 4796 ho.

635 4810 715 4910 Y3
1083 4841 1196 4915 „mo
1316 4874 1321 4899 ,
