<?xml version="1.0" encoding="UTF-8"?>
<!DOCTYPE html PUBLIC "-//W3C//DTD XHTML 1.0 Transitional//EN"
    "http://www.w3.org/TR/xhtml1/DTD/xhtml1-transitional.dtd">
<html xmlns="http://www.w3.org/1999/xhtml" xml:lang="en" lang="en">
 <head>
  <title>
</title>
<meta http-equiv="Content-Type" content="text/html;charset=utf-8" />
  <meta name='ocr-system' content='tesseract 3.04.00' />
  <meta name='ocr-capabilities' content='ocr_page ocr_carea ocr_par ocr_line ocrx_word'/>
</head>
<body>
  <div class='ocr_page' id='page_1' title='image "./theologiadogmat04alexgoog_0556.png"; bbox 0 0 3250 5392; ppageno 0'>
   <div class='ocr_carea' id='block_1_1' title="bbox 2859 148 2860 534">
    <p class='ocr_par' dir='ltr' id='par_1_1' title="bbox 2859 148 2860 534">
     <span class='ocr_line' id='line_1_1' title="bbox 2859 148 2860 534; baseline 0 4858"><span class='ocrx_word' id='word_1_1' title='bbox 2859 148 2860 534; x_wconf 95' lang='lat' dir='ltr'> </span> 
     </span>
    </p>
   </div>
   <div class='ocr_carea' id='block_1_2' title="bbox 873 774 2513 927">
    <p class='ocr_par' dir='ltr' id='par_1_2' title="bbox 873 774 2513 927">
     <span class='ocr_line' id='line_1_2' title="bbox 873 774 2513 927; baseline -0.015 -52"><span class='ocrx_word' id='word_1_2' title='bbox 873 779 1285 890; x_wconf 74' lang='lat' dir='ltr'>neriae,</span> <span class='ocrx_word' id='word_1_3' title='bbox 1329 783 1412 873; x_wconf 73' lang='grc' dir='ltr'>ει</span> <span class='ocrx_word' id='word_1_4' title='bbox 1445 774 1928 927; x_wconf 52' lang='lat' dir='ltr'>symbolog,</span> <span class='ocrx_word' id='word_1_5' title='bbox 2099 835 2104 840; x_wconf 87' lang='lat'>.</span> <span class='ocrx_word' id='word_1_6' title='bbox 2298 783 2513 923; x_wconf 53' lang='grc' dir='ltr'>ω,</span> 
     </span>
    </p>
   </div>
   <div class='ocr_carea' id='block_1_3' title="bbox 362 952 2639 4235">
    <p class='ocr_par' dir='ltr' id='par_1_3' title="bbox 362 952 2639 4235">
     <span class='ocr_line' id='line_1_3' title="bbox 389 952 2476 1040; baseline -0.001 -6"><span class='ocrx_word' id='word_1_7' title='bbox 389 955 572 1034; x_wconf 86' lang='lat' dir='ltr'>male</span> <span class='ocrx_word' id='word_1_8' title='bbox 621 954 815 1032; x_wconf 87' lang='lat' dir='ltr'>liberi</span> <span class='ocrx_word' id='word_1_9' title='bbox 880 953 1206 1030; x_wconf 82' lang='lat' dir='ltr'>defluunt</span> <span class='ocrx_word' id='word_1_10' title='bbox 1240 1002 1259 1040; x_wconf 89' lang='lat'>,</span> <span class='ocrx_word' id='word_1_11' title='bbox 1304 953 1392 1030; x_wconf 91' lang='lat' dir='ltr'>ad</span> <span class='ocrx_word' id='word_1_12' title='bbox 1433 953 2004 1029; x_wconf 83' lang='lat' dir='ltr'>admonitionem</span> <span class='ocrx_word' id='word_1_13' title='bbox 2065 952 2320 1031; x_wconf 82' lang='lat' dir='ltr'>nostrae</span> <span class='ocrx_word' id='word_1_14' title='bbox 2367 952 2476 1031; x_wconf 86' lang='lat' dir='ltr'>di-</span> 
     </span>
     <span class='ocr_line' id='line_1_4' title="bbox 389 1050 2473 1153; baseline -0.002 -19"><span class='ocrx_word' id='word_1_15' title='bbox 389 1056 747 1153; x_wconf 79' lang='lat' dir='ltr'>ligentiae3</span> <span class='ocrx_word' id='word_1_16' title='bbox 777 1065 897 1131; x_wconf 85' lang='lat' dir='ltr'>aut</span> <span class='ocrx_word' id='word_1_17' title='bbox 933 1050 1219 1130; x_wconf 82' lang='lat' dir='ltr'>schisma</span> <span class='ocrx_word' id='word_1_18' title='bbox 1259 1052 1528 1129; x_wconf 88' lang='lat' dir='ltr'>faciunt</span> <span class='ocrx_word' id='word_1_19' title='bbox 1582 1052 1671 1129; x_wconf 82' lang='lat' dir='ltr'>ad</span> <span class='ocrx_word' id='word_1_20' title='bbox 1711 1055 2294 1130; x_wconf 78' lang='lat' dir='ltr'>exercitationem</span> <span class='ocrx_word' id='word_1_21' title='bbox 2337 1077 2473 1130; x_wconf 89' lang='lat' dir='ltr'>no·</span> 
     </span>
     <span class='ocr_line' id='line_1_5' title="bbox 391 1150 2473 1252; baseline -0 -21"><span class='ocrx_word' id='word_1_22' title='bbox 391 1158 543 1231; x_wconf 80' lang='lat' dir='ltr'>strae</span> <span class='ocrx_word' id='word_1_23' title='bbox 604 1158 952 1252; x_wconf 79' lang='lat' dir='ltr'>patientiae</span> <span class='ocrx_word' id='word_1_24' title='bbox 1003 1172 1027 1243; x_wconf 89' lang='grc'>;</span> <span class='ocrx_word' id='word_1_25' title='bbox 1071 1166 1193 1229; x_wconf 80' lang='lat' dir='ltr'>aut</span> <span class='ocrx_word' id='word_1_26' title='bbox 1247 1150 1579 1236; x_wconf 17' lang='lat' dir='ltr'>haerefimx</span> <span class='ocrx_word' id='word_1_27' title='bbox 1625 1152 1930 1252; x_wconf 85' lang='lat' dir='ltr'>aliquam</span> <span class='ocrx_word' id='word_1_28' title='bbox 1993 1157 2306 1250; x_wconf 85' lang='lat' dir='ltr'>gignunt</span> <span class='ocrx_word' id='word_1_29' title='bbox 2379 1151 2473 1230; x_wconf 87' lang='lat' dir='ltr'>ad</span> 
     </span>
     <span class='ocr_line' id='line_1_6' title="bbox 391 1238 2473 1349; baseline 0.001 -19"><span class='ocrx_word' id='word_1_30' title='bbox 391 1278 689 1331; x_wconf 84' lang='lat' dir='ltr'>examen</span> <span class='ocrx_word' id='word_1_31' title='bbox 717 1311 736 1341; x_wconf 93' lang='lat'>,</span> <span class='ocrx_word' id='word_1_32' title='bbox 770 1253 906 1328; x_wconf 84' lang='lat' dir='ltr'>sive</span> <span class='ocrx_word' id='word_1_33' title='bbox 930 1251 1378 1329; x_wconf 75' lang='lat' dir='ltr'>occasionem</span> <span class='ocrx_word' id='word_1_34' title='bbox 1403 1253 1654 1330; x_wconf 83' lang='lat' dir='ltr'>nostrae</span> <span class='ocrx_word' id='word_1_35' title='bbox 1675 1251 2171 1349; x_wconf 69' lang='lat' dir='ltr'>intelligentiae.</span> <span class='ocrx_word' id='word_1_36' title='bbox 2199 1238 2293 1331; x_wconf 87' lang='lat' dir='ltr'>Hi</span> <span class='ocrx_word' id='word_1_37' title='bbox 2311 1251 2473 1332; x_wconf 81' lang='lat' dir='ltr'>sunt&#39;</span> 
     </span>
     <span class='ocr_line' id='line_1_7' title="bbox 390 1347 2472 1466; baseline 0 -37"><span class='ocrx_word' id='word_1_38' title='bbox 390 1357 624 1430; x_wconf 88' lang='lat' dir='ltr'>exitus</span> <span class='ocrx_word' id='word_1_39' title='bbox 672 1347 1247 1433; x_wconf 77' lang='lat' dir='ltr'>Christianorum</span> <span class='ocrx_word' id='word_1_40' title='bbox 1275 1351 1652 1428; x_wconf 86' lang='lat' dir='ltr'>carnalium</span> <span class='ocrx_word' id='word_1_41' title='bbox 1689 1400 1710 1434; x_wconf 72' lang='lat'><em>2</em></span> <span class='ocrx_word' id='word_1_42' title='bbox 1746 1355 1869 1466; x_wconf 84' lang='lat' dir='ltr'>qui</span> <span class='ocrx_word' id='word_1_43' title='bbox 1896 1376 2048 1427; x_wconf 93' lang='lat' dir='ltr'>non</span> <span class='ocrx_word' id='word_1_44' title='bbox 2078 1361 2472 1451; x_wconf 75' lang='lat' dir='ltr'>potuerunt</span> 
     </span>
     <span class='ocr_line' id='line_1_8' title="bbox 390 1451 2565 1548; baseline 0.001 -20"><span class='ocrx_word' id='word_1_45' title='bbox 390 1454 843 1548; x_wconf 87' lang='lat' dir='ltr'>corrigi,aut</span> <span class='ocrx_word' id='word_1_46' title='bbox 867 1452 1193 1530; x_wconf 85' lang='lat' dir='ltr'>sustineri·</span> <span class='ocrx_word' id='word_1_47' title='bbox 1245 1451 1447 1548; x_wconf 86' lang='lat' dir='ltr'>Saepe</span> <span class='ocrx_word' id='word_1_48' title='bbox 1493 1454 1704 1528; x_wconf 88' lang='lat' dir='ltr'>etiam</span> <span class='ocrx_word' id='word_1_49' title='bbox 1750 1454 1912 1527; x_wconf 79' lang='lat' dir='ltr'>imit</span> <span class='ocrx_word' id='word_1_50' title='bbox 1960 1451 2194 1528; x_wconf 87' lang='lat' dir='ltr'>divina</span> <span class='ocrx_word' id='word_1_51' title='bbox 2230 1453 2475 1530; x_wconf 61' lang='lat' dir='ltr'>Provi÷</span> <span class='ocrx_word' id='word_1_52' title='bbox 2559 1454 2565 1461; x_wconf 82' lang='grc'><strong>’</strong></span> 
     </span>
     <span class='ocr_line' id='line_1_9' title="bbox 389 1550 2473 1648; baseline 0.001 -21"><span class='ocrx_word' id='word_1_53' title='bbox 389 1555 669 1638; x_wconf 84' lang='lat' dir='ltr'>dentla,</span> <span class='ocrx_word' id='word_1_54' title='bbox 698 1570 823 1648; x_wconf 85' lang='lat' dir='ltr'>per</span> <span class='ocrx_word' id='word_1_55' title='bbox 844 1550 1222 1628; x_wconf 88' lang='lat' dir='ltr'>nonnullas</span> <span class='ocrx_word' id='word_1_56' title='bbox 1268 1554 1565 1628; x_wconf 86' lang='lat' dir='ltr'>nimium</span> <span class='ocrx_word' id='word_1_57' title='bbox 1604 1550 2042 1628; x_wconf 86' lang='lat' dir='ltr'>turbulentas</span> <span class='ocrx_word' id='word_1_58' title='bbox 2085 1552 2473 1636; x_wconf 70' lang='lat' dir='ltr'>carnalium¹</span> 
     </span>
     <span class='ocr_line' id='line_1_10' title="bbox 362 1649 2473 1748; baseline 0 -20"><span class='ocrx_word' id='word_1_59' title='bbox 362 1652 771 1728; x_wconf 86' lang='lat' dir='ltr'>-hominum</span> <span class='ocrx_word' id='word_1_60' title='bbox 819 1651 1186 1728; x_wconf 83' lang='lat' dir='ltr'>seditiones</span> <span class='ocrx_word' id='word_1_61' title='bbox 1215 1649 1473 1748; x_wconf 85' lang='lat' dir='ltr'>expelli</span> <span class='ocrx_word' id='word_1_62' title='bbox 1504 1651 1593 1725; x_wconf 87' lang='lat' dir='ltr'>de</span> <span class='ocrx_word' id='word_1_63' title='bbox 1627 1649 2216 1746; x_wconf 79' lang='lat' dir='ltr'>congregatione</span> <span class='ocrx_word' id='word_1_64' title='bbox 2249 1650 2473 1738; x_wconf 23' lang='lat' dir='ltr'>,Chri-</span> 
     </span>
     <span class='ocr_line' id='line_1_11' title="bbox 390 1747 2475 1843; baseline 0.002 -17"><span class='ocrx_word' id='word_1_65' title='bbox 390 1753 605 1827; x_wconf 82' lang='lat' dir='ltr'>stiana</span> <span class='ocrx_word' id='word_1_66' title='bbox 661 1754 871 1828; x_wconf 84' lang='lat' dir='ltr'>etiam</span> <span class='ocrx_word' id='word_1_67' title='bbox 912 1752 1149 1827; x_wconf 84' lang='lat' dir='ltr'>bonos</span> <span class='ocrx_word' id='word_1_68' title='bbox 1199 1751 1412 1826; x_wconf 82' lang='lat' dir='ltr'>viros.</span> <span class='ocrx_word' id='word_1_69' title='bbox 1462 1747 1708 1843; x_wconf 82' lang='lat' dir='ltr'>Quam</span> <span class='ocrx_word' id='word_1_70' title='bbox 1742 1748 2257 1827; x_wconf 73' lang='lat' dir='ltr'>&#39;contumellam</span> <span class='ocrx_word' id='word_1_71' title='bbox 2294 1807 2317 1840; x_wconf 95' lang='lat'>,</span> <span class='ocrx_word' id='word_1_72' title='bbox 2357 1751 2475 1832; x_wconf 76' lang='lat' dir='ltr'>vel</span> 
     </span>
     <span class='ocr_line' id='line_1_12' title="bbox 385 1847 2639 1960; baseline 0.004 -34"><span class='ocrx_word' id='word_1_73' title='bbox 385 1853 715 1947; x_wconf 76' lang='lat' dir='ltr'>injuriam</span> <span class='ocrx_word' id='word_1_74' title='bbox 749 1850 936 1927; x_wconf 86' lang='lat' dir='ltr'>suam</span> <span class='ocrx_word' id='word_1_75' title='bbox 965 1902 987 1934; x_wconf 90' lang='lat'>,</span> <span class='ocrx_word' id='word_1_76' title='bbox 1017 1872 1188 1926; x_wconf 89' lang='lat' dir='ltr'>cum</span> <span class='ocrx_word' id='word_1_77' title='bbox 1237 1847 1725 1948; x_wconf 85' lang='lat' dir='ltr'>patientiffime</span> <span class='ocrx_word' id='word_1_78' title='bbox 1767 1870 1903 1960; x_wconf 85' lang='lat' dir='ltr'>pro</span> <span class='ocrx_word' id='word_1_79' title='bbox 1935 1849 2252 1928; x_wconf 81' lang='lat' dir='ltr'>Ecclefiae</span> <span class='ocrx_word' id='word_1_80' title='bbox 2295 1868 2471 1949; x_wconf 78' lang='lat' dir='ltr'>pace</span> <span class='ocrx_word' id='word_1_81' title='bbox 2563 1930 2568 1935; x_wconf 83' lang='lat'>.</span> <span class='ocrx_word' id='word_1_82' title='bbox 2631 1908 2639 1917; x_wconf 72' lang='lat'><em>‹</em></span> 
     </span>
     <span class='ocr_line' id='line_1_13' title="bbox 384 1947 2471 2048; baseline 0.001 -22"><span class='ocrx_word' id='word_1_83' title='bbox 384 1954 710 2036; x_wconf 89' lang='lat' dir='ltr'>tulerint,</span> <span class='ocrx_word' id='word_1_84' title='bbox 743 1964 975 2048; x_wconf 86' lang='lat' dir='ltr'>neque</span> <span class='ocrx_word' id='word_1_85' title='bbox 1020 1947 1189 2024; x_wconf 82' lang='lat' dir='ltr'>ullas</span> <span class='ocrx_word' id='word_1_86' title='bbox 1214 1952 1564 2025; x_wconf 80' lang='lat' dir='ltr'>novitates</span> <span class='ocrx_word' id='word_1_87' title='bbox 1609 1948 1717 2024; x_wconf 90' lang='lat' dir='ltr'>vel</span> <span class='ocrx_word' id='word_1_88' title='bbox 1757 1948 2170 2036; x_wconf 83' lang='lat' dir='ltr'>ichismatls,</span> <span class='ocrx_word' id='word_1_89' title='bbox 2196 1951 2471 2028; x_wconf 79' lang='lat' dir='ltr'>velhae-</span> 
     </span>
     <span class='ocr_line' id='line_1_14' title="bbox 383 2046 2468 2148; baseline 0.002 -24"><span class='ocrx_word' id='word_1_90' title='bbox 383 2046 548 2124; x_wconf 85' lang='lat' dir='ltr'>refis</span> <span class='ocrx_word' id='word_1_91' title='bbox 596 2049 822 2125; x_wconf 86' lang='lat' dir='ltr'>moliti</span> <span class='ocrx_word' id='word_1_92' title='bbox 855 2051 1115 2125; x_wconf 88' lang='lat' dir='ltr'>fuerint</span> <span class='ocrx_word' id='word_1_93' title='bbox 1156 2103 1178 2134; x_wconf 96' lang='lat'>,</span> <span class='ocrx_word' id='word_1_94' title='bbox 1216 2049 1582 2125; x_wconf 75' lang='lat' dir='ltr'>docebunt</span> <span class='ocrx_word' id='word_1_95' title='bbox 1631 2047 1959 2125; x_wconf 83' lang='lat' dir='ltr'>homines</span> <span class='ocrx_word' id='word_1_96' title='bbox 2028 2072 2244 2148; x_wconf 84' lang='lat' dir='ltr'>quam</span> <span class='ocrx_word' id='word_1_97' title='bbox 2292 2070 2468 2128; x_wconf 84' lang='lat' dir='ltr'>vero</span> 
     </span>
     <span class='ocr_line' id='line_1_15' title="bbox 385 2145 2474 2246; baseline 0.001 -23"><span class='ocrx_word' id='word_1_98' title='bbox 385 2147 637 2224; x_wconf 64' lang='lat' dir='ltr'>affectu</span> <span class='ocrx_word' id='word_1_99' title='bbox 666 2196 685 2225; x_wconf 80' lang='lat'>‚</span> <span class='ocrx_word' id='word_1_100' title='bbox 728 2151 800 2223; x_wconf 72' lang='grc' dir='ltr'>δι</span> <span class='ocrx_word' id='word_1_101' title='bbox 827 2165 1089 2246; x_wconf 88' lang='lat' dir='ltr'>quanta</span> <span class='ocrx_word' id='word_1_102' title='bbox 1127 2145 1516 2227; x_wconf 85' lang='lat' dir='ltr'>finceritate</span> <span class='ocrx_word' id='word_1_103' title='bbox 1564 2146 1914 2224; x_wconf 85' lang='lat' dir='ltr'>charitatis</span> <span class='ocrx_word' id='word_1_104' title='bbox 1951 2147 2118 2226; x_wconf 91' lang='lat' dir='ltr'>Deo</span> <span class='ocrx_word' id='word_1_105' title='bbox 2167 2147 2474 2227; x_wconf 87' lang='lat' dir='ltr'>servien-</span> 
     </span>
     <span class='ocr_line' id='line_1_16' title="bbox 383 2246 2470 2347; baseline 0.003 -24"><span class='ocrx_word' id='word_1_106' title='bbox 383 2249 559 2323; x_wconf 87' lang='lat' dir='ltr'>dum</span> <span class='ocrx_word' id='word_1_107' title='bbox 590 2247 694 2327; x_wconf 82' lang='lat' dir='ltr'>fit.</span> <span class='ocrx_word' id='word_1_108' title='bbox 750 2246 1031 2325; x_wconf 86' lang='lat' dir='ltr'>Talium</span> <span class='ocrx_word' id='word_1_109' title='bbox 1085 2269 1263 2347; x_wconf 85' lang='lat' dir='ltr'>ergo</span> <span class='ocrx_word' id='word_1_110' title='bbox 1305 2252 1622 2325; x_wconf 85' lang='lat' dir='ltr'>virorum</span> <span class='ocrx_word' id='word_1_111' title='bbox 1658 2246 2110 2345; x_wconf 75' lang='lat' dir='ltr'>propositum</span> <span class='ocrx_word' id='word_1_112' title='bbox 2159 2249 2295 2327; x_wconf 76' lang='lat' dir='ltr'>est,</span> <span class='ocrx_word' id='word_1_113' title='bbox 2344 2259 2470 2329; x_wconf 72' lang='lat' dir='ltr'>aut</span> 
     </span>
     <span class='ocr_line' id='line_1_17' title="bbox 381 2346 2473 2437; baseline 0.001 -14"><span class='ocrx_word' id='word_1_114' title='bbox 381 2346 625 2424; x_wconf 86' lang='lat' dir='ltr'>sedatis</span> <span class='ocrx_word' id='word_1_115' title='bbox 645 2356 951 2424; x_wconf 82' lang='lat' dir='ltr'>remeare</span> <span class='ocrx_word' id='word_1_116' title='bbox 984 2349 1376 2425; x_wconf 72' lang='lat' dir='ltr'>turbinibus</span> <span class='ocrx_word' id='word_1_117' title='bbox 1420 2358 1600 2437; x_wconf 85' lang='lat' dir='ltr'>;aut</span> <span class='ocrx_word' id='word_1_118' title='bbox 1634 2346 1684 2422; x_wconf 86' lang='lat' dir='ltr'>ss</span> <span class='ocrx_word' id='word_1_119' title='bbox 1717 2348 1790 2422; x_wconf 85' lang='lat' dir='ltr'>id</span> <span class='ocrx_word' id='word_1_120' title='bbox 1813 2371 1962 2424; x_wconf 95' lang='lat' dir='ltr'>non</span> <span class='ocrx_word' id='word_1_121' title='bbox 1994 2347 2295 2436; x_wconf 87' lang='lat' dir='ltr'>finatur,</span> <span class='ocrx_word' id='word_1_122' title='bbox 2351 2349 2473 2437; x_wconf 77' lang='lat' dir='ltr'>vel.</span> 
     </span>
     <span class='ocr_line' id='line_1_18' title="bbox 380 2446 2467 2544; baseline 0.001 -21"><span class='ocrx_word' id='word_1_123' title='bbox 380 2447 628 2523; x_wconf 85' lang='lat' dir='ltr'>eadem</span> <span class='ocrx_word' id='word_1_124' title='bbox 665 2448 1073 2544; x_wconf 86' lang='lat' dir='ltr'>tempestate</span> <span class='ocrx_word' id='word_1_125' title='bbox 1098 2448 1620 2541; x_wconf 84' lang='lat' dir='ltr'>perseverante,</span> <span class='ocrx_word' id='word_1_126' title='bbox 1655 2446 1765 2522; x_wconf 87' lang='lat' dir='ltr'>vel</span> <span class='ocrx_word' id='word_1_127' title='bbox 1798 2471 1889 2521; x_wconf 93' lang='lat' dir='ltr'>ne</span> <span class='ocrx_word' id='word_1_128' title='bbox 1917 2447 2041 2524; x_wconf 86' lang='lat' dir='ltr'>suo</span> <span class='ocrx_word' id='word_1_129' title='bbox 2085 2448 2316 2524; x_wconf 90' lang='lat' dir='ltr'>reditu</span> <span class='ocrx_word' id='word_1_130' title='bbox 2361 2461 2467 2526; x_wconf 85' lang='lat' dir='ltr'>ta-</span> 
     </span>
     <span class='ocr_line' id='line_1_19' title="bbox 379 2546 2467 2641; baseline 0.001 -18"><span class='ocrx_word' id='word_1_131' title='bbox 379 2548 648 2628; x_wconf 78' lang='lat' dir='ltr'>lis‚aut</span> <span class='ocrx_word' id='word_1_132' title='bbox 676 2546 916 2622; x_wconf 83' lang='lat' dir='ltr'>saevior</span> <span class='ocrx_word' id='word_1_133' title='bbox 971 2550 1232 2622; x_wconf 87' lang='lat' dir='ltr'>oriatur</span> <span class='ocrx_word' id='word_1_134' title='bbox 1267 2547 1680 2641; x_wconf 80' lang='lat' dir='ltr'>tempestas,</span> <span class='ocrx_word' id='word_1_135' title='bbox 1733 2558 1981 2623; x_wconf 90' lang='lat' dir='ltr'>tenent</span> <span class='ocrx_word' id='word_1_136' title='bbox 2019 2548 2467 2625; x_wconf 82' lang='lat' dir='ltr'>voluntatem</span> 
     </span>
     <span class='ocr_line' id='line_1_20' title="bbox 381 2643 2467 2743; baseline 0 -21"><span class='ocrx_word' id='word_1_137' title='bbox 381 2644 836 2730; x_wconf 88' lang='lat' dir='ltr'>consulendi,</span> <span class='ocrx_word' id='word_1_138' title='bbox 860 2647 1068 2721; x_wconf 87' lang='lat' dir='ltr'>etiam</span> <span class='ocrx_word' id='word_1_139' title='bbox 1104 2649 1199 2720; x_wconf 90' lang='lat' dir='ltr'>eis</span> <span class='ocrx_word' id='word_1_140' title='bbox 1224 2643 1421 2741; x_wconf 66' lang='lat' dir='ltr'>imis,</span> <span class='ocrx_word' id='word_1_141' title='bbox 1456 2666 1770 2742; x_wconf 85' lang='lat' dir='ltr'>quorum</span> <span class='ocrx_word' id='word_1_142' title='bbox 1810 2647 2122 2723; x_wconf 85' lang='lat' dir='ltr'>motibus</span> <span class='ocrx_word' id='word_1_143' title='bbox 2144 2693 2163 2727; x_wconf 70' lang='lat'><em>2</em></span> <span class='ocrx_word' id='word_1_144' title='bbox 2188 2665 2467 2743; x_wconf 87' lang='lat' dir='ltr'>pertur-</span> 
     </span>
     <span class='ocr_line' id='line_1_21' title="bbox 393 2741 2473 2842; baseline 0.001 -22"><span class='ocrx_word' id='word_1_145' title='bbox 393 2744 933 2841; x_wconf 83' lang='lat' dir='ltr'>bationibusque</span> <span class='ocrx_word' id='word_1_146' title='bbox 957 2741 1307 2821; x_wconf 74' lang='lat' dir='ltr'>celserunt</span> <span class='ocrx_word' id='word_1_147' title='bbox 1347 2796 1367 2828; x_wconf 92' lang='lat'>,</span> <span class='ocrx_word' id='word_1_148' title='bbox 1424 2741 1567 2818; x_wconf 89' lang='lat' dir='ltr'>fine</span> <span class='ocrx_word' id='word_1_149' title='bbox 1610 2741 1747 2819; x_wconf 84' lang='lat' dir='ltr'>ulla</span> <span class='ocrx_word' id='word_1_150' title='bbox 1793 2747 2473 2842; x_wconf 74' lang='lat' dir='ltr'>conventiculorum</span> 
     </span>
     <span class='ocr_line' id='line_1_22' title="bbox 379 2842 2468 2942; baseline 0.001 -22"><span class='ocrx_word' id='word_1_151' title='bbox 379 2844 906 2940; x_wconf 83' lang='lat' dir='ltr'>segregatione,</span> <span class='ocrx_word' id='word_1_152' title='bbox 948 2842 1167 2942; x_wconf 88' lang='lat' dir='ltr'>usque</span> <span class='ocrx_word' id='word_1_153' title='bbox 1190 2843 1278 2918; x_wconf 90' lang='lat' dir='ltr'>ad</span> <span class='ocrx_word' id='word_1_154' title='bbox 1322 2854 1637 2919; x_wconf 64' lang='lat' dir='ltr'>mortem*</span> <span class='ocrx_word' id='word_1_155' title='bbox 1658 2842 2154 2926; x_wconf 74' lang='lat' dir='ltr'>defendentes,</span> <span class='ocrx_word' id='word_1_156' title='bbox 2181 2847 2248 2920; x_wconf 74' lang='grc' dir='ltr'>δι</span> <span class='ocrx_word' id='word_1_157' title='bbox 2281 2847 2468 2922; x_wconf 82' lang='lat' dir='ltr'>testi-</span> 
     </span>
     <span class='ocr_line' id='line_1_23' title="bbox 381 2939 2466 3041; baseline 0.002 -23"><span class='ocrx_word' id='word_1_158' title='bbox 381 2949 637 3018; x_wconf 78' lang='lat' dir='ltr'>monio</span> <span class='ocrx_word' id='word_1_159' title='bbox 661 2944 980 3034; x_wconf 81' lang='lat' dir='ltr'>juvantes</span> <span class='ocrx_word' id='word_1_160' title='bbox 1005 2967 1155 3019; x_wconf 87' lang='lat' dir='ltr'>eam</span> <span class='ocrx_word' id='word_1_161' title='bbox 1186 2939 1401 3018; x_wconf 84' lang='lat' dir='ltr'>fidem</span> <span class='ocrx_word' id='word_1_162' title='bbox 1427 2985 1444 3013; x_wconf 82' lang='lat'><strong>·</strong></span> <span class='ocrx_word' id='word_1_163' title='bbox 1475 2957 1691 3041; x_wconf 87' lang='lat' dir='ltr'>quam</span> <span class='ocrx_word' id='word_1_164' title='bbox 1728 2945 1800 3017; x_wconf 88' lang='lat' dir='ltr'>ln</span> <span class='ocrx_word' id='word_1_165' title='bbox 1857 2942 2155 3020; x_wconf 74' lang='lat' dir='ltr'>Ecclesia</span> <span class='ocrx_word' id='word_1_166' title='bbox 2194 2943 2466 3022; x_wconf 84' lang='lat' dir='ltr'>Catho-</span> 
     </span>
     <span class='ocr_line' id='line_1_24' title="bbox 376 3039 2467 3146; baseline 0.003 -28"><span class='ocrx_word' id='word_1_167' title='bbox 376 3043 512 3119; x_wconf 87' lang='lat' dir='ltr'>lica</span> <span class='ocrx_word' id='word_1_168' title='bbox 551 3041 908 3139; x_wconf 81' lang='lat' dir='ltr'>praedicari</span> <span class='ocrx_word' id='word_1_169' title='bbox 945 3041 1192 3118; x_wconf 87' lang='lat' dir='ltr'>sciunt.</span> <span class='ocrx_word' id='word_1_170' title='bbox 1250 3039 1410 3119; x_wconf 82' lang='lat' dir='ltr'>Hos</span> <span class='ocrx_word' id='word_1_171' title='bbox 1444 3043 1837 3146; x_wconf 81' lang='lat' dir='ltr'>coronatin</span> <span class='ocrx_word' id='word_1_172' title='bbox 1871 3044 2168 3120; x_wconf 89' lang='lat' dir='ltr'>occulto</span> <span class='ocrx_word' id='word_1_173' title='bbox 2210 3043 2411 3121; x_wconf 89' lang='lat' dir='ltr'>Pater</span> <span class='ocrx_word' id='word_1_174' title='bbox 2440 3077 2467 3128; x_wconf 60' lang='grc' dir='ltr'><em>ι</em></span> 
     </span>
     <span class='ocr_line' id='line_1_25' title="bbox 377 3136 2492 3235; baseline -0 -16"><span class='ocrx_word' id='word_1_175' title='bbox 377 3146 453 3219; x_wconf 89' lang='lat' dir='ltr'>in</span> <span class='ocrx_word' id='word_1_176' title='bbox 489 3141 786 3218; x_wconf 88' lang='lat' dir='ltr'>occulto</span> <span class='ocrx_word' id='word_1_177' title='bbox 818 3140 1061 3217; x_wconf 86' lang='lat' dir='ltr'>videns</span> <span class='ocrx_word' id='word_1_178' title='bbox 1087 3183 1215 3235; x_wconf 73' lang='lat'>„„·</span> <span class='ocrx_word' id='word_1_179' title='bbox 1248 3136 1426 3218; x_wconf 82' lang='lat' dir='ltr'>Haec</span> <span class='ocrx_word' id='word_1_180' title='bbox 1442 3146 1507 3210; x_wconf 69' lang='lat' dir='ltr'>S..</span> <span class='ocrx_word' id='word_1_181' title='bbox 1538 3137 1805 3235; x_wconf 66' lang='lat' dir='ltr'>Augusta</span> <span class='ocrx_word' id='word_1_182' title='bbox 1826 3141 1941 3218; x_wconf 62' lang='lat' dir='ltr'>lib,</span> <span class='ocrx_word' id='word_1_183' title='bbox 1974 3148 2049 3211; x_wconf 85' lang='lat' dir='ltr'>de</span> <span class='ocrx_word' id='word_1_184' title='bbox 2081 3153 2244 3213; x_wconf 74' lang='lat' dir='ltr'>vera</span> <span class='ocrx_word' id='word_1_185' title='bbox 2278 3145 2492 3220; x_wconf 62' lang='lat' dir='ltr'>Retia.</span> 
     </span>
     <span class='ocr_line' id='line_1_26' title="bbox 367 3238 2469 3343; baseline 0.002 -35"><span class='ocrx_word' id='word_1_186' title='bbox 367 3246 604 3337; x_wconf 73' lang='lat' dir='ltr'>giam,</span> <span class='ocrx_word' id='word_1_187' title='bbox 646 3258 796 3338; x_wconf 87' lang='lat' dir='ltr'>cap.</span> <span class='ocrx_word' id='word_1_188' title='bbox 827 3254 890 3335; x_wconf 84' lang='lat'>5.</span> <span class='ocrx_word' id='word_1_189' title='bbox 930 3242 1002 3316; x_wconf 72' lang='grc' dir='ltr'>δι</span> <span class='ocrx_word' id='word_1_190' title='bbox 1038 3252 1109 3320; x_wconf 83' lang='lat'>6.</span> <span class='ocrx_word' id='word_1_191' title='bbox 1161 3238 1269 3317; x_wconf 84' lang='lat' dir='ltr'>Ex</span> <span class='ocrx_word' id='word_1_192' title='bbox 1315 3242 1569 3341; x_wconf 84' lang='lat' dir='ltr'>quibus</span> <span class='ocrx_word' id='word_1_193' title='bbox 1605 3255 1802 3338; x_wconf 87' lang='lat' dir='ltr'>patet</span> <span class='ocrx_word' id='word_1_194' title='bbox 1826 3296 1846 3327; x_wconf 93' lang='lat'>,</span> <span class='ocrx_word' id='word_1_195' title='bbox 1900 3239 2247 3319; x_wconf 68' lang='lat' dir='ltr'>Ethnicos</span> <span class='ocrx_word' id='word_1_196' title='bbox 2274 3293 2295 3327; x_wconf 90' lang='lat'>‚</span> <span class='ocrx_word' id='word_1_197' title='bbox 2336 3241 2469 3343; x_wconf 85' lang='lat' dir='ltr'>Ju.</span> 
     </span>
     <span class='ocr_line' id='line_1_27' title="bbox 378 3337 2467 3436; baseline 0.003 -19"><span class='ocrx_word' id='word_1_198' title='bbox 378 3337 1633 3428; x_wconf 71' lang='lat' dir='ltr'>dacos,Haereticos‚Schismaticos,</span> <span class='ocrx_word' id='word_1_199' title='bbox 1669 3343 1742 3416; x_wconf 72' lang='grc'>8(</span> <span class='ocrx_word' id='word_1_200' title='bbox 1798 3342 1978 3436; x_wconf 84' lang='lat' dir='ltr'>juste</span> <span class='ocrx_word' id='word_1_201' title='bbox 2027 3338 2467 3423; x_wconf 67' lang='lat' dir='ltr'>Excommw</span> 
     </span>
     <span class='ocr_line' id='line_1_28' title="bbox 377 3438 2563 3538; baseline 0.002 -20"><span class='ocrx_word' id='word_1_202' title='bbox 377 3445 651 3518; x_wconf 82' lang='lat' dir='ltr'>nicatos</span> <span class='ocrx_word' id='word_1_203' title='bbox 686 3486 708 3524; x_wconf 87' lang='lat'>‚</span> <span class='ocrx_word' id='word_1_204' title='bbox 735 3443 821 3516; x_wconf 90' lang='lat' dir='ltr'>ab</span> <span class='ocrx_word' id='word_1_205' title='bbox 846 3438 1145 3519; x_wconf 83' lang='lat' dir='ltr'>Ecclefia</span> <span class='ocrx_word' id='word_1_206' title='bbox 1172 3438 1542 3519; x_wconf 84' lang='lat' dir='ltr'>Catholica</span> <span class='ocrx_word' id='word_1_207' title='bbox 1566 3496 1586 3527; x_wconf 95' lang='lat'>,</span> <span class='ocrx_word' id='word_1_208' title='bbox 1626 3438 1953 3538; x_wconf 89' lang='lat' dir='ltr'>adeoque</span> <span class='ocrx_word' id='word_1_209' title='bbox 1972 3465 2010 3518; x_wconf 91' lang='lat' dir='ltr'>a</span> <span class='ocrx_word' id='word_1_210' title='bbox 2039 3441 2466 3531; x_wconf 66' lang='lat' dir='ltr'>Sanctorum</span> <span class='ocrx_word' id='word_1_211' title='bbox 2560 3466 2563 3470; x_wconf 80' lang='grc'><strong><em>’</em></strong></span> 
     </span>
     <span class='ocr_line' id='line_1_29' title="bbox 380 3537 2465 3632; baseline 0.001 -12"><span class='ocrx_word' id='word_1_212' title='bbox 380 3541 918 3620; x_wconf 87' lang='lat' dir='ltr'>Communione</span> <span class='ocrx_word' id='word_1_213' title='bbox 950 3538 1282 3630; x_wconf 78' lang='lat' dir='ltr'>exclud13</span> <span class='ocrx_word' id='word_1_214' title='bbox 1369 3541 1438 3616; x_wconf 87' lang='lat' dir='ltr'>ui</span> <span class='ocrx_word' id='word_1_215' title='bbox 1469 3551 1709 3617; x_wconf 86' lang='lat' dir='ltr'>autem</span> <span class='ocrx_word' id='word_1_216' title='bbox 1757 3541 2007 3632; x_wconf 79' lang='lat' dir='ltr'>injuste</span> <span class='ocrx_word' id='word_1_217' title='bbox 2035 3537 2465 3622; x_wconf 56' lang='lat' dir='ltr'>effcommua</span> 
     </span>
     <span class='ocr_line' id='line_1_30' title="bbox 380 3562 2466 3739; baseline 0.003 -23"><span class='ocrx_word' id='word_1_218' title='bbox 380 3644 594 3716; x_wconf 85' lang='lat' dir='ltr'>nicati</span> <span class='ocrx_word' id='word_1_219' title='bbox 638 3640 836 3726; x_wconf 90' lang='lat' dir='ltr'>sunt,</span> <span class='ocrx_word' id='word_1_220' title='bbox 875 3641 947 3715; x_wconf 72' lang='grc' dir='ltr'>δι</span> <span class='ocrx_word' id='word_1_221' title='bbox 977 3641 1064 3716; x_wconf 92' lang='lat' dir='ltr'>ab</span> <span class='ocrx_word' id='word_1_222' title='bbox 1103 3562 1404 3719; x_wconf 56' lang='lat' dir='ltr'>Ecclefla</span> <span class='ocrx_word' id='word_1_223' title='bbox 1443 3636 1616 3737; x_wconf 86' lang='lat' dir='ltr'>pulfi</span> <span class='ocrx_word' id='word_1_224' title='bbox 1642 3694 1661 3724; x_wconf 93' lang='lat'>,</span> <span class='ocrx_word' id='word_1_225' title='bbox 1700 3642 2020 3739; x_wconf 85' lang='lat' dir='ltr'>quamvis</span> <span class='ocrx_word' id='word_1_226' title='bbox 2041 3644 2127 3718; x_wconf 87' lang='lat' dir='ltr'>ab</span> <span class='ocrx_word' id='word_1_227' title='bbox 2170 3654 2466 3722; x_wconf 65' lang='lat' dir='ltr'>externa</span> 
     </span>
     <span class='ocr_line' id='line_1_31' title="bbox 380 3736 2533 3826; baseline 0.002 -11"><span class='ocrx_word' id='word_1_228' title='bbox 380 3739 1004 3815; x_wconf 80' lang='lat' dir='ltr'>sacramentorum</span> <span class='ocrx_word' id='word_1_229' title='bbox 1041 3736 1580 3816; x_wconf 87' lang='lat' dir='ltr'>Communione</span> <span class='ocrx_word' id='word_1_230' title='bbox 1611 3738 2125 3826; x_wconf 86' lang='lat' dir='ltr'>excludantur,</span> <span class='ocrx_word' id='word_1_231' title='bbox 2152 3740 2311 3818; x_wconf 80' lang='lat' dir='ltr'>illos</span> <span class='ocrx_word' id='word_1_232' title='bbox 2359 3760 2466 3819; x_wconf 85' lang='lat' dir='ltr'>ta·</span> <span class='ocrx_word' id='word_1_233' title='bbox 2523 3749 2533 3760; x_wconf 90' lang='lat'>&#39;</span> 
     </span>
     <span class='ocr_line' id='line_1_32' title="bbox 379 3835 2463 3935; baseline 0.002 -22"><span class='ocrx_word' id='word_1_234' title='bbox 379 3858 544 3913; x_wconf 84' lang='lat' dir='ltr'>men</span> <span class='ocrx_word' id='word_1_235' title='bbox 574 3883 596 3918; x_wconf 87' lang='lat'>‚</span> <span class='ocrx_word' id='word_1_236' title='bbox 630 3835 679 3909; x_wconf 86' lang='lat' dir='ltr'>fi</span> <span class='ocrx_word' id='word_1_237' title='bbox 723 3839 944 3912; x_wconf 79' lang='lat' dir='ltr'>boni,</span> <span class='ocrx_word' id='word_1_238' title='bbox 975 3860 1057 3913; x_wconf 87' lang='lat' dir='ltr'>ac</span> <span class='ocrx_word' id='word_1_239' title='bbox 1080 3841 1191 3935; x_wconf 78' lang='lat' dir='ltr'>,pii</span> <span class='ocrx_word' id='word_1_240' title='bbox 1227 3836 1390 3916; x_wconf 89' lang='lat' dir='ltr'>sunt</span> <span class='ocrx_word' id='word_1_241' title='bbox 1409 3894 1430 3925; x_wconf 92' lang='lat'>,</span> <span class='ocrx_word' id='word_1_242' title='bbox 1452 3852 1875 3914; x_wconf 80' lang='lat' dir='ltr'>caeterorum</span> <span class='ocrx_word' id='word_1_243' title='bbox 1911 3841 2272 3917; x_wconf 85' lang='lat' dir='ltr'>bonorum</span> <span class='ocrx_word' id='word_1_244' title='bbox 2300 3860 2463 3918; x_wconf 55' lang='lat' dir='ltr'>oms</span> 
     </span>
     <span class='ocr_line' id='line_1_33' title="bbox 380 3932 2465 4039; baseline -0.001 -28"><span class='ocrx_word' id='word_1_245' title='bbox 380 3939 580 4013; x_wconf 82' lang='lat' dir='ltr'>nium</span> <span class='ocrx_word' id='word_1_246' title='bbox 628 3933 1120 4032; x_wconf 86' lang='lat' dir='ltr'>spiritualium,</span> <span class='ocrx_word' id='word_1_247' title='bbox 1156 3958 1316 4039; x_wconf 78' lang='lat' dir='ltr'>quae</span> <span class='ocrx_word' id='word_1_248' title='bbox 1346 3938 1432 4014; x_wconf 84' lang='lat' dir='ltr'>ad</span> <span class='ocrx_word' id='word_1_249' title='bbox 1458 3932 1833 4013; x_wconf 84' lang='lat' dir='ltr'>Ecclefiam</span> <span class='ocrx_word' id='word_1_250' title='bbox 1874 3941 2236 4035; x_wconf 88' lang='lat' dir='ltr'>pertinent</span> <span class='ocrx_word' id='word_1_251' title='bbox 2263 3989 2283 4021; x_wconf 88' lang='lat'>,</span> <span class='ocrx_word' id='word_1_252' title='bbox 2354 3955 2465 4014; x_wconf 68' lang='lat' dir='ltr'>ar-</span> 
     </span>
     <span class='ocr_line' id='line_1_34' title="bbox 377 4030 2461 4138; baseline 0.001 -25"><span class='ocrx_word' id='word_1_253' title='bbox 377 4038 626 4133; x_wconf 88' lang='lat' dir='ltr'>ticipes</span> <span class='ocrx_word' id='word_1_254' title='bbox 669 4030 802 4109; x_wconf 86' lang='lat' dir='ltr'>effe</span> <span class='ocrx_word' id='word_1_255' title='bbox 827 4089 848 4119; x_wconf 98' lang='lat'>,</span> <span class='ocrx_word' id='word_1_256' title='bbox 890 4034 1214 4132; x_wconf 86' lang='lat' dir='ltr'>adeoque</span> <span class='ocrx_word' id='word_1_257' title='bbox 1256 4037 2236 4138; x_wconf 62' lang='lat' dir='ltr'>SanctorumCommunione</span> <span class='ocrx_word' id='word_1_258' title='bbox 2304 4042 2461 4132; x_wconf 52' lang='lat' dir='ltr'>tul}</span> 
     </span>
     <span class='ocr_line' id='line_1_35' title="bbox 375 4132 2630 4235; baseline 0.001 -24"><span class='ocrx_word' id='word_1_259' title='bbox 375 4134 717 4235; x_wconf 70' lang='lat' dir='ltr'>siquidem</span> <span class='ocrx_word' id='word_1_260' title='bbox 752 4132 910 4209; x_wconf 90' lang='lat' dir='ltr'>illos</span> <span class='ocrx_word' id='word_1_261' title='bbox 950 4149 1256 4212; x_wconf 87' lang='lat' dir='ltr'>coronat</span> <span class='ocrx_word' id='word_1_262' title='bbox 1291 4135 1534 4221; x_wconf 87' lang='lat' dir='ltr'>Pater,</span> <span class='ocrx_word' id='word_1_263' title='bbox 1558 4137 1630 4210; x_wconf 89' lang='lat' dir='ltr'>in</span> <span class='ocrx_word' id='word_1_264' title='bbox 1661 4135 1954 4233; x_wconf 86' lang='lat' dir='ltr'>occulto</span> <span class='ocrx_word' id='word_1_265' title='bbox 2004 4137 2273 4220; x_wconf 80' lang='lat' dir='ltr'>videns.</span> <span class='ocrx_word' id='word_1_266' title='bbox 2318 4136 2464 4220; x_wconf 76' lang='lat' dir='ltr'>Ra·</span> <span class='ocrx_word' id='word_1_267' title='bbox 2505 4224 2522 4233; x_wconf 81' lang='lat'>-</span> <span class='ocrx_word' id='word_1_268' title='bbox 2619 4201 2630 4213; x_wconf 94' lang='lat'><strong>.</strong></span> 
     </span>
    </p>
   </div>
   <div class='ocr_carea' id='block_1_4' title="bbox 374 4233 2060 4357">
    <p class='ocr_par' dir='ltr' id='par_1_4' title="bbox 374 4233 2060 4357">
     <span class='ocr_line' id='line_1_36' title="bbox 374 4233 2060 4357; baseline 0.002 -45"><span class='ocrx_word' id='word_1_269' title='bbox 374 4253 540 4315; x_wconf 83' lang='lat' dir='ltr'>tum</span> <span class='ocrx_word' id='word_1_270' title='bbox 582 4247 823 4314; x_wconf 78' lang='lat' dir='ltr'>tamen</span> <span class='ocrx_word' id='word_1_271' title='bbox 868 4234 1167 4323; x_wconf 73' lang='lat' dir='ltr'>videtur,</span> <span class='ocrx_word' id='word_1_272' title='bbox 1200 4233 1349 4316; x_wconf 84' lang='lat' dir='ltr'>hoc</span> <span class='ocrx_word' id='word_1_273' title='bbox 1399 4234 1782 4357; x_wconf 75' lang='lat' dir='ltr'>hominum</span> <span class='ocrx_word' id='word_1_274' title='bbox 1811 4257 2060 4334; x_wconf 64' lang='lat' dir='ltr'>genu&amp;</span> 
     </span>
    </p>
   </div>
  </div>
 </body>
</html>
