3250 5392
85 846 89 933 i

85 1111 88 1147 ³
137 1113 246 1196 atque
259 1100 386 1174 mortis
405 1097 562 1173 utilitatis
573 1098 641 1173 iuae
660 1093 728 1171 eise
747 1097 988 1172 existimarunt
1001 1150 1012 1180 ,
1026 1117 1111 1170 cum
1128 1092 1185 1170 iile

403 423 472 515 De
492 420 612 530 Fide,
629 418 903 537 &Symbolm
1108 436 1200 528 36?

134 570 307 702 probrare
332 591 492 672 humano
529 597 651 692 generi
676 617 753 672 non
779 593 993 694 poenitenti·
1011 616 1129 695 neque
1152 596 1193 678 iu

135 704 233 776 riam
248 697 495 792 Evangeiicam
511 699 676 793 pergenti
697 744 708 778 ‚
735 695 837 797 quod
854 699 891 773 in
912 694 1049 772 Psalmo
1072 698 1191 773 conti·

85 820 88 833 ·
136 815 240 877 netur
252 846 263 879 ‚
277 795 368 892 Qu
380 801 511 866 ariditas
537 802 572 864 in
592 795 749 887 fimguine
764 817 860 883 mro,
880 797 956 866 dum
980 795 1127 880 descendo
1150 796 1302 874 inerunt
1315 823 1365 893 ιφ

135 898 406 990 corruptionem?
432 952 485 989 „„
502 892 687 991 Exprobat
703 898 797 972 enim
819 893 957 992 (inquit
969 893 988 978 )
1010 895 1184 989 superbis»
1222 910 1318 976 Nemo
1329 915 1383 980 riu

136 1001 174 1075 δι
198 997 413 1083 maiedidis,
431 1021 495 1072 cur
509 996 594 1070 nihil
610 1000 646 1072 in
659 995 879 1072 sacramento
903 992 1079 1092 iariguinis
1100 990 1151 1070 sui
1173 989 1384 1131 {amiur}

136 1197 248 1275 nostri
264 1197 364 1275 causa
386 1197 422 1272 dr
444 1210 565 1281 natus,
586 1197 622 1271 dr
648 1194 786 1294 pelias,
812 1197 849 1272 &
869 1206 1033 1272 mortuus
1054 1192 1097 1269 iit
1117 1247 1187 1286 „,‚.
1203 1141 1304 1209 sm

136 1295 184 1378 Et
205 1300 243 1374 in
266 1297 385 1374 Psalm.
405 1317 440 1373 2·
464 1297 524 1374 ubi
552 1296 718 1395 explanat
744 1295 801 1373 ilia
832 1296 967 1372 verbar
1010 1300 1188 1389 Propterea
1212 1293 1215 1301 '

136 1395 381 1478 Druidestruer
395 1398 473 1469 trin
486 1391 611 1484 finem,
634 1395 751 1468 evellet
761 1415 813 1482 tr,
836 1389 1072 1489 &emigrabit
1092 1412 1128 1463 te
1147 1397 1187 1464 de

136 1493 437 1587 tabernaculorum
459 1495 639 1582 Salutem
661 1521 704 1575 ac
720 1499 827 1575 vitam
849 1509 1016 1573 aeternam
1038 1520 1057 1572 a
1081 1493 1188 1574 chn-

136 1591 193 1674 sto
206 1593 595 1674 omnibusbominibua
607 1596 767 1674 oblatum
781 1594 889 1681 suiffe¹
907 1597 966 1683 ait,
980 1595 1212 1676 ircurtotiurs
1334 1630 1338 1639 ¹
1390 1632 1394 1643 ·

138 1697 283 1774 humani
296 1700 434 1795 generis
452 1709 613 1775 naturam
631 1695 832 1794 affumpiit:
854 1698 1032 1773 neminem
1045 1700 1163 1801 itaque
1174 1730 1196 1777 r.

138 1794 202 1873 nist
219 1797 277 1874 sua
299 1798 427 1894 culpa,
451 1797 616 1873 excidere
641 1821 659 1872 a
682 1796 797 1875 salute.
831 1841 885 1890 g„
900 1796 974 1889 Qui
995 1799 1089 1871 eninr
1108 1811 1189 1895 nort

137 1899 295 1972 manebit
312 1902 347 1972 in
362 1897 502 1975 Christo
516 1941 525 1973 2
541 1900 676 1993 inquit,
699 1900 800 1994 regni
822 1896 951 1974 Christi
975 1896 1091 1972 incola
1110 1918 1192 1981 non

139 1998 215 2072 erit.
243 1994 331 2073 Non
354 2002 419 2073 erit
433 2011 572 2083 autem,
599 2010 673 2074 nori
691 1999 790 2095 quod
807 1996 866 2072 fibi
881 2019 955 2071 non
970 1999 1121 2093 patuerit
1133 1998 1188 2071 in·

137 2096 300 2180 colatur,
327 2095 524 2184 (universis
540 2101 634 2173 enim
650 2113 766 2193 patet,
780 2116 821 2173 ut
832 2094 1014 2173 consortes
1027 2095 1094 2171 srnt
1105 2107 1189 2171 cor·

138 2200 237 2291 poris
249 2193 340 2279 Dei,-
354 2213 461 2294 atque
475 2196 590 2294 Regni
603 2211 614 2290 3
629 2201 710 2294 quia
721 2194 883 2273 Verbum
901 2217 985 2272 caro
995 2195 1122 2272 fadum
1137 2186 1188 2274 est

142 2293 358 2373 &habitavit
376 2301 548 2375 innobis‚
569 2311 730 2372 naturam
747 2297 924 2373 scilicetin
946 2295 978 2370 se
998 2298 1108 2373 totius
1121 2295 1189 2369 hu*

141 2399 238 2471 mani
253 2401 394 2493 generis
408 2394 599 2473 affumens:
623 2385 709 2480 >sed
730 2395 1042 2495 unusquisquepro
1057 2396 1188 2470 merito
1327 2478 1329 2485 ,

141 2495 413 2574 &evellendum
428 2496 460 2572 ie
472 2495 517 2572 de
534 2496 788 2577 tabernacuior
812 2496 849 2571 dr
872 2493 1188 2575 eradicandumur
1329 2567 1331 2574 ,

139 2598 434 2673 tertaviveutium
449 2596 605 2691 praebet,
623 2619 698 2672 non
711 2592 910 2696 prohibitur
922 2617 1081 2692 unquam
1100 2593 1187 2668 inei·

140 2693 196 2780 se,
220 2698 283 2795 qui
299 2718 360 2790 per
376 2712 509 2772 naturae
522 2692 796 2792 assumptionem
809 2694 927 2772 incola
944 2693 985 2769 fit
1010 2708 1185 2790 receptum

141 2792 212 2870 Sed
226 2795 421 2872 eradicatur
440 2796 490 2871 ob
516 2794 730 2872 infidelitatis
751 2799 911 2879 crimen,
941 2809 1075 2871 naturae
1099 2815 1189 2870 cou-

139 2892 251 2971 fortio
272 2894 439 2993 indignus
460 2895 644 2990 existens„
657 2935 694 2989 „0

91 3055 93 3059 ,
190 2984 946 3095 sumanturayasepapatriminam,
963 3008 997 3087 φ,
1026 2985 1185 3088 ‚miron
1205 2948 1389 3054 urrunnu.

141 3096 268 3185 quaerit
280 3093 437 3172 Christus
448 3111 636 3195 argentum
650 3154 660 3184 ,
674 3095 730 3173 sed
741 3094 848 3173 fidem
861 3117 912 3173 a.
941 3096 1071 3197 Neque
1090 3097 1186 3171 euim
1204 3068 1317 3205 md
1328 3074 1398 3204 ‘¹5⁰2-

141 3195 296 3290 pretium
331 3195 491 3291 quaesivit
514 3221 532 3272 a
555 3200 690 3282 nobis,
715 3199 776 3294 qui
799 3197 901 3272 nobis
923 3195 1113 3295 Sanguinis
1139 3193 1189 3270 sui
1208 3163 1283 3285 mu}

142 3294 295 3388 pretium
309 3293 527 3395 solvitsquia
541 3319 615 3379 non
629 3314 739 3380 auro,
762 3295 799 3369 &
825 3311 996 3391 argento,
1030 3295 1087 3375 sed
1111 3308 1192 3392 pre·

140 3392 315 3468 tiosonos
339 3395 488 3471 redemit
504 3396 682 3489 sanguine·
709 3395 810 3490 Ergo
825 3393 860 3470 id
884 3398 1038 3489 pretium
1066 3394 1195 3480 debes.

141 3514 218 3666 duo
228 3508 369 3590 emptus
380 3520 415 3570 es
429 3517 440 3579 ;
455 3496 490 3570 dr
505 3495 528 3571 ir
543 3497 685 3572 illenon
698 3497 835 3591 semper
849 3496 996 3594 exigat,
1014 3509 1053 3571 tu
1074 3509 1196 3591 tamen
1307 3526 1309 3530 ⁴
1435 3518 1440 3535 ²

168 3592 261 3667 ebes·
290 3593 376 3671 Eme
396 3596 504 3691 igitur
518 3594 582 3672 tibi
595 3593 798 3681 Christum,
825 3616 899 3671 non
916 3594 1076 3694 eoquod
1092 3594 1199 3689 pauci-

139 3689 296 3778 habent,
324 3694 379 3769 sed
391 3698 546 3795 eoquod
568 3721 694 3774 omnes
717 3695 861 3776 habent.
905 3693 1045 3772 Omnes
1063 3691 1197 3768 habent

141 3813 206 3885 per
228 3806 409 3879 naturam,
431 3800 535 3894 pauci
546 3796 698 3875 afferunt
711 3812 773 3895 per
788 3797 968 3871 timorem
996 3791 1193 3883 Suumest,

140 3888 271 3986 quoda
287 3907 322 3968 te
336 3894 494 3972 Christus
508 3897 670 3996 reposcit.
699 3895 1069 3994 lpseritamomnibus
1083 3891 1193 3980 dedit,

139 3987 212 4084 ipse
238 4011 306 4086 pro
327 3997 494 4070 omnibus
521 4013 677 4073 mortem
697 3996 791 4073 suam
818 3992 982 4074 obtulit:
1005 3991 1102 4072 solve
1124 4012 1193 4089 pro

140 4090 320 4177 Auctore,
341 4094 440 4189 quod
462 4093 641 4176 soluturus
656 4121 692 4172 ea
715 4096 792 4193 lege
802 4139 825 4179 2,
835 4130 876 4180 »ι

194 4186 238 4265 Et
252 4192 325 4267 Ser·
353 4215 407 4286 ¹4·
429 4197 464 4268 in
490 4191 611 4270 Psaim.
636 4202 717 4271 118.
743 4239 801 4282 ,.‚‚
818 4191 913 4269 Maia
928 4188 1007 4270 Evae
1027 4175 1198 4269 iucceiiio'
1230 4168 1400 4260 ΝΟΜ

140 4288 458 4370 totumhominem
475 4293 689 4376 devorabat:
718 4293 884 4393 praeciara
904 4287 1033 4368 Christi
1056 4291 1187 4367 heredi·
1210 4257 1395 4421 ffiffinmsecssig.
1473 4333 1475 4339 ¹

139 4405 193 4469 tas
205 4405 324 4471 toturn
336 4392 524 4471 hominem
535 4395 704 4508 liberavit·
736 4393 822 4474 Nou
839 4391 882 4469 ad
899 4415 1012 4470 unum
1025 4392 1191 4492 quidem,
1210 4405 1347 4484 iricius,

1059 4513 1139 4569 nou
