3250 5392
166 492 180 505 Ο
1160 499 1164 503 ,
1370 480 1375 492 l

1463 652 1466 665 Ι

302 788 328 885 ja
359 875 367 885 Ι,
393 771 655 916 DeFide‚&
674 746 894 890 symbolo,
1126 796 1207 888 119
1249 735 1253 747 ⁸
1290 706 1294 715 Ι

148 946 363 1046 iniquitate,
380 967 457 1022 nun
474 944 555 1030 vult,
577 947 794 1042 impunitum
825 945 1037 1046 relinquero·
1060 941 1096 1027 st
1116 967 1209 1043 ergo
1318 976 1322 988 ¹

149 1045 248 1130 hoe,
262 1046 364 1146 quod
378 1043 422 1120 de
435 1069 509 1123 uno
522 1044 669 1120 humine
682 1043 864 1133 diximus,
889 1046 934 1122 de
955 1044 1118 1123 universo
1145 1068 1210 1142 ge-

151 1169 237 1221 nere
261 1147 452 1221 hominum
466 1147 689 1244 pereuntium
713 1143 869 1222 iimiliter
886 1145 1125 1246 intelligatur,
1166 1168 1210 1222 o·

151 1248 219 1321 tert
237 1243 381 1332 lorsrtan
397 1269 473 1320 non
488 1245 632 1325 absurde
649 1244 744 1330 dici,
761 1246 862 1344 quod
879 1242 980 1328 Deus
995 1268 1121 1322 omnes
1138 1169 1213 1321 io.

151 1347 267 1432 mines
288 1345 399 1420 ialros
422 1344 495 1436 lieri
520 1345 602 1419 velit
632 1345 793 1419 bonitate
805 1343 1063 1439 creatorum
1079 1358 1207 1430 ‘tamen

151 1466 236 1529 eos,
261 1467 354 1544 quos
373 1444 541 1541 indignos
574 1441 681 1519 salute
708 1444 956 1541 judicaverit,
983 1444 1073 1541 justa
1103 1438 1210 1540 tuot·

152 1547 203 1619 cis
233 1543 412 1621 severitate
435 1569 509 1618 non
534 1542 724 1640 saltet„„.
826 1544 834 1569 “
1026 1578 1036 1603 ³
1151 1579 1154 1587 ·
1268 1590 1285 1611 .,
1358 1585 1360 1589 v

206 1640 246 1717 ld
272 1667 383 1718 unum
412 1642 639 1727 cavendum,
661 1666 707 1729 ne
730 1642 912 1730 dicamur,
937 1655 999 1723 aut
1017 1640 1204 1724 sentiamus
1237 1634 1402 1724 §empetr-

151 1738 278 1827 Deum
305 1743 488 1840 expetlare
514 1766 661 1833 eorum,
712 1766 780 1818 uos
801 1744 878 1820 vult
898 1743 1009 1820 salvos
1029 1740 1202 1826 lieri‚vo-
1216 1728 1402 1848 {fflssff's'gg

151 1840 351 1927 luntatem,
380 1859 418 1916 ut
440 1841 502 1941 ipfi
527 1844 639 1921 libero
667 1865 702 1915 ar
732 1846 812 1918 itrio
836 1841 900 1926 suo
925 1843 1094 1943 incipiant
1115 1840 1401 1934 rellesuscircadr.
1460 1885 1463 1892 ·

150 1941 291 2026 lalvuri,
315 1946 350 2016 δι
369 1942 585 2017 tuncdiviua
609 1942 768 2019 bonitate
790 1940 985 2031 salventurt
1008 1959 1048 2031 pt
1063 1944 1201 2018 initium
1218 1939 1401 2031 rinmunt,

151 2040 269 2116 salutis
289 2064 419 2125 eurum
439 2039 480 2116 fit
502 2065 549 2125 ex
579 2040 681 2146 ipfis,
707 2039 880 2141 perfeeto
901 2061 1019 2120 autern
1047 2043 1201 2132 ejusdem
1216 2021 1401 2154 {glffi'st

151 2138 268 2219 salutis
290 2163 336 2219 tx
361 2140 455 2220 Deo.
482 2139 552 2217 Hic
585 2144 679 2215 enim
704 2166 802 2218 error
837 2142 1199 2244 semipelagianorum
1213 2124 1400 2237 'excludar-'¹

150 2239 202 2327 est
249 2240 486 2342 ab-tlpostolo
506 2240 716 2324 damnatur,
735 2243 778 2317 ad
795 2240 904 2320 Rom.
928 2265 983 2318 rr.
1003 2242 1197 2335 scribentet
1214 2261 1270 2321 vtr-

151 2288 249 2428 ,ὀξέες
266 2348 361 2431 prior
394 2343 587 2428 demeriti,
612 2345 654 2411 Θ
684 2337 888 2413 retribuetur
915 2346 948 2413 ei
978 2365 988 2413 t
1016 2344 1048 2420 A
1081 2341 1199 2436 Cone,

149 2442 305 2528 Araufic,
337 2458 394 2525 11,
407 2438 492 2517 Can.
514 2464 554 2516 rv
574 2437 740 2518 confixus
752 2441 805 2517 his
820 2443 957 2536 verbis3
975 2499 997 2534 ,‚
1011 2499 1035 2534 „
1050 2438 1088 2517 Si
1101 2444 1201 2541 quis,

150 2560 192 2616 ut
212 2565 232 2618 a
249 2558 396 2632 peccato
412 2565 635 2637 purgemur,
665 2542 887 2622 voluntatem
911 2544 1064 2618 nostram
1081 2541 1203 2625 Deum
1298 2557 1300 2560 ’

149 2639 337 2734 expectare
360 2643 575 2723 contendit:
601 2665 677 2717 uon
697 2659 838 2728 autom,
872 2658 913 2720 ut
934 2645 1039 2718 etiam
1062 2642 1205 2740 purgari
1259 2640 1265 2691 ἕ
1392 2648 1397 2652 ’

148 2742 321 2826 velimus,
347 2765 410 2840 per
438 2741 540 2815 santii
557 2741 694 2839 ipiritus
714 2742 1003 2827 infusionem&
1025 2744 1203 2837 operatio-

148 2863 235 2914 nem
259 2839 295 2914 iu
341 2841 443 2917 nobis
465 2838 540 2915 lieri
563 2843 782 2924 confitetur,
815 2841 935 2920 resistit
962 2838 1024 2938 ipsr
1057 2838 1203 2937 Spiritui

147 2937 290 3026 sanctu,
316 2963 379 3037 per
400 2940 631 3016 Salomonem
649 2942 806 3017 dicenti:
825 2948 1032 3034 Praeparetur
1047 2942 1203 3009 voluntas

147 3066 167 3106 a
192 3042 365 3131 tivmtno·;
385 3041 422 3114 ἀ
444 3041 617 3137 Apostolo
631 3040 808 3117 salubriter
823 3041 1049 3140 praedicantit
1073 3022 1201 3117 DEUS

108 3161 111 3166 ·
147 3139 221 3224 est,
242 3141 303 3240 qui
316 3155 482 3235 operatur
501 3142 537 3216 in
560 3145 664 3217 nobis
685 3143 720 3217 &
740 3141 828 3217 velle
848 3197 859 3228 ,
882 3142 917 3216 o
941 3140 1110 3239 perlicere
1132 3162 1200 3234 pro

147 3240 247 3315 bona
271 3239 452 3315 voluntate
473 3296 494 3330 „
507 3286 541 3331 „·
567 3237 679 3320 Hunc
696 3241 830 3317 senium
848 3245 979 3320 merito
999 3243 1112 3336 rejicit
1133 3246 1200 3320 Eo·
1261 3279 1266 3298 ι

146 3337 250 3414 clesu
274 3335 538 3437 Lugdunensis,
554 3341 655 3447 quod
671 3340 864 3436 Pelagianae
888 3343 1052 3439 pravitati
1066 3340 1200 3428 faveat,

147 3462 232 3534 qum
246 3438 389 3513 l'alutem
403 3439 642 3517 hominisnon
658 3439 912 3528 exDeidono,
934 3439 991 3515 sed
1016 3464 1063 3515 err
1086 3441 1199 3515 libero

146 3538 257 3636 ipsius
278 3538 433 3614 hominis
457 3542 600 3616 arbitrio
631 3538 697 3617 effe
728 3538 852 3621 allerit,
890 3597 912 3632 „
941 3538 1057 3637 Quod
1079 3554 1199 3620 autem

147 3693 172 3731 „
189 3643 324 3731 inquit,
360 3641 408 3714 ibi
440 3637 642 3738 {impliciter
669 3642 902 3734 intelligitur,
927 3634 1049 3717 Deum
1072 3660 1198 3715 omnes

142 3793 168 3832 „
184 3737 350 3814 homines
362 3738 450 3814 velle
461 3740 571 3826 lilios
582 3740 654 3815 iteri
668 3792 677 3823 ,
693 3742 851 3816 bonitate
862 3738 989 3822 l'cilicet
1001 3739 1198 3822 Creatorir,

143 3893 169 3933 „
187 3855 233 3913 ita
267 3840 339 3922 (ut
355 3842 554 3932 putamur)
584 3839 732 3916 fideliter
751 3841 868 3938 potest
897 3842 1030 3937 recipi,
1055 3838 1080 3914 fi
1105 3838 1199 3916 hano

144 3938 407 4031 „voluntatem
436 3943 603 4016 bonitatis
628 3939 695 4016 suae
719 3965 802 4036 erga
820 3939 963 4014 salutem
981 3962 1057 4016 non
1078 3938 1198 4022 creda,

143 4093 168 4132 „
182 4057 240 4112 tur
258 4035 410 4116 humana
422 4037 611 4133 obsistente
627 4039 812 4115 voluntate
825 4039 973 4136 implero
988 4062 1063 4114 non
1075 4032 1197 4135 polle,

111 4203 114 4207 ,
141 4195 167 4235 ‚,
180 4137 240 4212 ieri
256 4136 443 4214 obsistente
459 4141 612 4220 huntam
630 4143 816 4236 iniquitate
834 4139 980 4238 implere
999 4138 1095 4214 nolle
1109 4189 1148 4230 ,‚.

195 4236 407 4315 Cavendum
422 4242 528 4317 etiam
546 4262 591 4314 ne
607 4240 760 4338 generali
780 4254 922 4322 tantum
935 4242 1000 4321 ‚·&
1014 4239 1198 4316 indiscreta

144 4338 332 4417 voluntate
350 4335 483 4416 Deum
507 4340 596 4417 velle
630 4342 795 4416 omnium
829 4337 1019 4415 hominum
1053 4339 1197 4431 salutem

142 4437 352 4523 atteramus,
367 4441 413 4514 ita
436 4439 578 4517 utlaius
600 4438 932 4516 Praedestinatorum
953 4440 1055 4516 nullo
1083 4437 1198 4514 modo

143 4543 179 4617 in
201 4538 417 4638 peculiarem
430 4536 499 4615 Dei
522 4537 1015 4624 voluntatem,seuaeternunr
1038 4541 1198 4616 vocatio·

144 4648 196 4718 uis
217 4637 472 4741 propolltum‚
498 4663 574 4738 quo
591 4639 728 4717 discreti
751 4637 860 4713 sunta
886 4641 1057 4734 reprobis,
1082 4636 1140 4714 i'ed
1163 4643 1200 4713 in

143 4740 308 4820 humanae
325 4759 481 4819 uaturae.
505 4743 679 4918 liberissue
700 4738 836 4816 arbitrii
859 4741 1005 4833 initiales
1029 4739 1201 4839 quoidam
1286 4751 1297 4762 “

657 4861 683 4930 4
1064 4862 1174 4916 con·-
