3250 5392
286 806 291 812 .
406 728 477 853 ne}
496 658 618 856 Fide,
637 749 679 839 &
699 743 926 892 Symposo'a
1118 752 1204 860 289'

146 921 362 1008 liberatioin
379 935 536 1021 utroque
550 921 632 998 sexu
649 919 773 999 debuit
789 945 967 1020 apparere·
993 918 1093 1021 Ergo
1119 929 1204 1026 quia

147 1033 269 1109 virum
282 1024 474 1123 oportebat
487 1023 675 1121 suscipere,
690 1024 751 1138 qui
766 1019 866 1102 sexus
878 1021 1123 1104 honorabilior
1134 1026 1204 1114 est,
1239 1050 1241 1052 ’

151 1126 374 1226 consequens
392 1138 485 1208 erat,
505 1122 830 1201 utsoemioersexus
844 1123 1004 1209 liberatio
1034 1125 1121 1202 hinc
1140 1124 1204 1227 ap'·

149 1243 311 1326 pareret,
325 1224 425 1326 quod
444 1224 502 1299 ilie
522 1225 632 1314 virde
645 1223 794 1301 soemiua
807 1237 910 1315 natue
930 1222 1011 1319 est„
1024 1273 1061 1318 „.

139 1417 143 1427 ¹
198 1327 388 1405 Secundo,
405 1323 585 1403 Christum
595 1346 641 1400 ex
655 1323 802 1399 nruiiere
818 1323 908 1401 nasci
920 1324 1063 1411 decuit,
1075 1323 1122 1404 ad
1142 1350 1204 1404 ve-

148 1428 292 1505 ritatem
322 1423 579 1505 lncarnotionis
601 1422 860 1501 adstruendam·
894 1423 1001 1505 Unde
1021 1431 1054 1496 S·
1085 1426 1205 1499 Ambr-

148 1526 211 1604 lib.
231 1528 271 1596 de
288 1527 532 1599 Incarmtionis
550 1527 728 1594 Dominicae
742 1530 972 1604 sacramento,
990 1548 1068 1626 cap,
1080 1520 1117 1600 6.
1128 1533 1201 1606 ait:

148 1679 203 1720 „‚,
216 1623 425 1705 Secundum
449 1640 609 1701 naturam
632 1624 665 1705 se
686 1621 818 1701 obtulit
842 1625 1019 1707 nostram,
1055 1642 1097 1704 ut
1109 1629 1203 1708 ultra

150 1727 309 1803 nostram
320 1742 527 1827 operaretur
551 1728 722 1802 naturam·
747 1720 807 1801 De
826 1715 949 1803 nostro
969 1724 1199 1814 sacrificium,

149 1825 196 1903 de
206 1825 269 1904 suo
282 1829 468 1926 praemium
482 1825 530 1900 eii
546 1851 556 1894 :
572 1826 756 1923 multaque
766 1826 801 1900 in
813 1823 943 1901 eodem
956 1826 993 1907 dr
1004 1826 1203 1909 secundum
1292 1889 1307 1922 .

150 1929 481 2027 naturaminvenies
495 1979 506 2011 ,
519 1928 555 2002 ἀ
575 1930 665 2003 uitta
682 1941 857 2002 naturam·
884 1924 1091 2003 Secundum
1111 1951 1202 2004 con·

138 2025 326 2122 ‚ditionem
349 2028 686 2123 etenichorporis,
708 2027 744 2100 in
764 2041 869 2101 utero
894 2026 984 2112 fuit,
1003 2043 1106 2105 natus
1126 2029 1200 2117 est,
1291 2090 1293 2094 .
1324 2079 1326 2082 -

149 2121 294 2204 lassatus
307 2129 384 2212 eii,
399 2131 435 2201 in
447 2125 614 2225 praesepio
624 2125 672 2203 est
685 2124 906 2215 collocatum
927 2125 984 2203 sed
998 2127 1097 2224 supra
1108 2150 1202 2206 con.

122 2317 123 2321 Ν
148 2224 325 2303 ditionem
337 2225 455 2322 Virgo
466 2228 654 2323 concepit,
672 2222 787 2322 Virgo
800 2229 1002 2322 generavit,
1021 2242 1064 2305 ut
1078 2229 1202 2304 crede-

147 2349 236 2412 res,
267 2330 349 2426 quia
376 2325 476 2404 Deus
498 2341 604 2412 erat,
631 2329 691 2425 qui
720 2327 915 2403 renovabat
942 2340 1103 2406 naturam
1127 2352 1138 2421 ;
1162 2329 1201 2404 dc

148 2423 267 2503 homo
293 2442 386 2512 erat,
401 2427 463 2527 qui
474 2423 668 2504 secundum
680 2440 841 2504 naturam
853 2424 1056 2507 nascebatur
1069 2447 1115 2504 ex
1129 2425 1202 2506 ho-

148 2550 323 2619 mmeatta·
425 2613 430 2625 ,
1076 2582 1078 2586 ’

199 2623 294 2710 EtS.
319 2621 453 2722 August·
471 2619 577 2722 Epist.
607 2643 688 2717 137.
711 2621 791 2699 aiias
810 2637 843 2715 3.
873 2620 917 2700 ad
937 2619 1199 2713 Volusianum:
1273 2679 1278 2691 ·
1350 2630 1356 2640 “

147 2779 204 2819 „‚,
221 2725 323 2821 Quid
337 2725 384 2812 fi,
405 2729 534 2819 inquit,
560 2721 805 2824 Omnipotens
830 2723 1013 2801 hominem
1034 2729 1200 2806 ubicum-

148 2847 220 2924 que
234 2829 428 2904 i'or'marum
442 2849 516 2903 non
531 2849 577 2901 ex
589 2841 752 2901 materno
768 2839 872 2901 utero
885 2838 1041 2901 crearet>
1069 2826 1125 2902 sed
1144 2851 1200 2901 re-

147 2931 337 3022 pentinum
350 2928 493 3002 inferrer
503 2924 718 3022 adspectibus
732 2924 747 2999 i
759 2924 858 3017 Quid
874 2920 898 2998 sr
920 2924 1030 3000 nullas
1055 2948 1100 3001 ex
1119 2948 1200 3023 par·

147 3026 236 3102 vulo
247 3030 472 3124 injuventam
483 3040 636 3104 mutaret
646 3041 784 3110 aerares,
800 3023 918 3102 nullos
929 3025 1051 3110 cibos,
1079 3027 1199 3103 nullos

147 3143 290 3225 caperet
308 3126 478 3203 somnos?
496 3150 618 3204 nonne
629 3130 840 3226 opinionem
859 3122 1087 3203 confirmaret
1099 3150 1200 3204 erro·

146 3230 295 3308 ris‚nec
308 3227 494 3303 hominem
507 3250 629 3305 terum
644 3223 823 3320 suscepisse
843 3223 918 3302 ullo
939 3224 1054 3303 modo
1074 3229 1200 3303 crede-

146 3343 266 3412 retur,
280 3328 315 3402 &
329 3327 416 3404 dum
426 3332 546 3403 omnia
564 3327 768 3403 mirabiliter
778 3324 882 3407 facit,
901 3324 1072 3408 auferret,
1094 3325 1199 3428 quod

149 3425 420 3504 misericorditer
444 3426 551 3504 fecit?
576 3426 685 3503 Nunc
702 3450 789 3509 uero
814 3431 862 3503 ita
888 3427 979 3501 inter
993 3421 1135 3514 Deum,
1157 3432 1199 3506 dc

148 3525 314 3601 homines
330 3527 510 3604 Mediator
522 3532 704 3625 apparuit,
720 3544 760 3604 ut
771 3531 805 3603 in
821 3528 954 3604 unitate
966 3521 1122 3605 Persona
1135 3554 1199 3604 co·

147 3610 276 3720 buians
294 3642 482 3726 utramque
502 3644 687 3711 naturam,
708 3630 743 3703 dr
771 3627 870 3704 solita
889 3624 1090 3705 sublimaret
1102 3631 1159 3705 ins

147 3724 242 3807 litis,
266 3727 454 3803 &insolita
474 3729 581 3804 solitis
595 3743 807 3824 temperaret
821 3785 843 3820 ,‚
858 3775 893 3819 ‚,.

197 3822 325 3903 Tertio
336 3884 347 3914 ,
360 3827 536 3905 Christum
549 3853 599 3905 ex·
608 3831 752 3903 muliere
767 3830 857 3907 nasci
868 3831 1085 3908 conueniens
1103 3820 1197 3916 fuit,

147 3926 275 4003 uthoc
298 3933 412 4005 modo
434 3934 550 4005 omnis
569 3926 745 4004 diversitas
771 3933 1009 4025 generationis
1032 3930 1219 4023 humanm,

140 4026 410 4123 compleretur,
428 4032 572 4129 (inquit
584 4035 618 4107 S.
636 4027 699 4101 Tr.
713 4045 746 4119 3.
758 4028 848 4113 Part.
865 4029 1000 4124 Quaest.
1014 4045 1070 4122 31.
1088 4033 1197 4105 Artic.

146 4118 212 4216 4.)
234 4125 327 4202 Nam
347 4134 479 4226 primus
500 4131 615 4207 homo
644 4128 839 4228 produsius
860 4132 910 4207 est
927 4155 972 4206 err
992 4130 1080 4205 limo
1096 4144 1198 4205 tenae

147 4225 222 4302 fine
237 4231 315 4304 viro
330 4273 338 4303 2
353 4233 387 4302 eir
404 4231 550 4305 foemina
565 4254 572 4304 :
589 4226 715 4308 Evaex
731 4233 807 4305 uiro
821 4229 892 4306 fine
903 4231 1064 4310 foeminae
1076 4229 1198 4305 homi·

146 4350 210 4402 nes
223 4332 339 4405 caeteri
352 4354 396 4404 ex
412 4338 511 4415 viro,
527 4333 560 4405 δι
574 4331 721 4406 soemina
738 4330 924 4409 oriuntur:
968 4346 1106 4405 uartum
1124 4327 1199 4403 nas·

118 4502 126 4511 ,
146 4426 252 4502 cendi
273 4429 445 4507 modum,
462 4453 507 4506 ex
522 4430 670 4507 soemina
685 4425 757 4504 fine
775 4433 853 4508 viro
875 4428 936 4507 fibi
983 4427 1108 4506 hristus
1118 4444 1197 4507 tarr-

126 4548 256 4624 quam
279 4535 464 4627 proprium
488 4532 689 4606 vindicavit.

196 4626 420 4720 Quarto,de
446 4630 591 4707 muliere
602 4629 781 4708 Christum
795 4631 887 4707 nasci
907 4629 1049 4717 decuit,
1072 4642 1113 4704 ut
1131 4635 1197 4706 au-¹

128 4727 822 4909 ‚doipeccatboutiotfieretretnredii:
845 4727 1197 4831 &ficutpermuiie-
1304 4789 1307 4794 .

229 4854 292 4902 om.
319 4837 351 4905 Ι.
1065 4848 1144 4906 rem
