3250 5392
397 690 466 786 oe
484 693 611 800 rara,
633 663 919 828 &symbola
1113 697 1197 853 jlrr
1333 746 1341 779 .

145 863 268 965 {nali
286 863 381 967 quali
392 863 637 951 contristatum
647 865 696 943 est
707 868 743 942 in
756 865 847 964 ipsis.
876 866 958 969 Con
1005 870 1097 967 egati
1112 869 1212 955 fiant,
1244 856 1247 862 ¹
1279 856 1292 888 ⁵

146 984 302 1060 ,3tamen
328 972 364 1043 in
391 989 524 1050 unum,
548 966 586 1041 lt
613 981 804 1064 coeperunt
828 966 939 1045 orale.
976 968 1038 1051 ¹lle
1072 971 1195 1055 autem

147 1121 171 1162 ,‚
182 1064 341 1154 miliorus
361 1064 609 1158 eratSpiritum
626 1063 791 1152 sanium,
802 1065 1195 1170 utimplereteosamo.

147 1222 172 1269 ‚,
187 1191 225 1241 re
243 1167 392 1266 spiritali,
412 1164 568 1243 auferens
587 1163 751 1250 desideria
768 1165 926 1247 carnola.
952 1164 1113 1245 Faciebat
1128 1191 1192 1246 eos
1271 1219 1273 1221 >

148 1282 172 1367 ,'‚
187 1268 257 1361 jam
283 1265 329 1343 fic
348 1263 542 1359 intelligere
563 1263 765 1352 Christum,
790 1264 982 1370 quomodo
1006 1282 1080 1344 erat
1098 1265 1217 1345 Ver·⁸

148 1371 270 1457 „bum
290 1363 380 1449 Dei,
400 1362 501 1441 Deus
521 1364 614 1461 apud
638 1362 777 1445 Deum,
799 1388 861 1460 per
908 1365 981 1443 uod
1000 1365 1086 1443 frua
1108 1366 1189 1454 lunt

147 1520 172 1558 ‚,
189 1469 321 1550 omnia
348 1521 370 1559 ,‚
382 1521 402 1556 ‚,
414 1462 501 1540 Non
524 1478 643 1539 autem
662 1460 801 1560 pollent
823 1389 959 1561 impleri
978 1466 1035 1541 tali
1052 1465 1189 1543 intelle·

149 1564 226 1652 lin,
249 1562 311 1642 nili
327 1564 471 1641 carnalis
487 1561 634 1639 charitas
652 1565 696 1643 ab
715 1585 841 1647 eorum
853 1566 965 1642 oculis
983 1562 1190 1654 disceffiliet.
1315 1610 1317 1615 .

149 1659 196 1742 Et
223 1661 306 1740 ide'o
326 1663 438 1745 dixit:
462 1664 498 1732 si
521 1665 703 1759 diligeretis
727 1685 777 1739 sne
799 1705 810 1740 ‚
831 1666 1021 1762 gauderetis
1054 1668 1189 1763 utique,

122 1816 127 1823 .
173 1766 228 1831 uia
261 1766 347 1832 vario
382 1770 422 1831 aa
456 1769 607 1844 Patrem
644 1766 723 1859 quia
759 1758 858 1832 Pater
890 1760 995 1865 major
1045 1786 1095 1835 me
1136 1760 1205 1862 el.¹

148 1786 264 1966 {inab
291 1864 423 1940 diceret
463 1861 636 1961 apostolis
662 1860 726 1939 suis
756 1881 767 1912 t
814 1860 903 1942 Non
931 1863 1035 1941 vultis
1055 1864 1193 1949 medi.

148 1968 314 2046 mittere,
337 1962 394 2046 led
411 1962 533 2039 melius
554 1962 623 2046 est,
641 1978 681 2038 ut
699 1918 796 2038 istaln
816 1970 958 2040 carnem
972 1987 1053 2040 non
1075 1963 1189 2049 videa·
1226 2001 1230 2016 ·

150 2066 216 2151 tis,
237 2063 273 2136 &
292 2060 508 2139 divinitatem
525 2065 702 2158 cogitetis.
730 2059 841 2138 Tollo
858 2085 915 2137 me
936 2087 955 2139 a
974 2065 1073 2139 vobis
1092 2079 1193 2140 exte·

148 2158 241 2246 sius,
263 2162 300 2235 &
315 2183 372 2246 me
388 2161 462 2260 ipso
477 2163 608 2258 impleo
624 2186 687 2236 vos
705 2163 859 2238 interius.
890 2160 1077 2262 Numquid
1093 2165 1191 2240 enim
1209 2220 1215 2230 .

98 2316 101 2323 ·
148 2259 524 2344 secundumcarnem,
545 2263 582 2336 lic
600 2283 684 2338 curn
702 2285 807 2336 carne
820 2265 932 2344 intrat
948 2265 984 2343 in
1005 2285 1070 2341 cor
1086 2260 1191 2340 Chri·

148 2361 247 2448 stus?
269 2359 472 2446 Secundum
487 2363 704 2446 divinitatem
720 2357 869 2459 pollidet
888 2383 975 2448 cor,
997 2360 1192 2440 fecundum
1252 2372 1254 2377 ’

147 2483 291 2548 carnem
315 2484 376 2558 per
394 2461 520 2538 oculos
542 2460 702 2557 loquitur
724 2460 768 2534 ad
787 2482 869 2543 cor,
889 2463 925 2536 le
948 2460 1118 2538 admonet
1135 2460 1193 2537 fo.-

148 2557 228 2645 ης,
252 2558 409 2634 habitans
430 2559 543 2645 intus,
566 2581 605 2634 ut
625 2561 770 2639 interius
790 2581 855 2633 nos
875 2577 1136 2646 convertamur,
1155 2561 1192 2635 tlt

148 2657 370 2739 vivificemur
395 2683 440 2735 ex
465 2659 564 2757 ipso,
592 2659 627 2741 &
654 2656 850 2736 loruremur
870 2682 916 2742 ex
944 2659 1095 2753 ipio„„.
1136 2658 1195 2737 Sic

148 2755 281 2847 differit
300 2764 330 2832 S.
347 2755 478 2851 August.
505 2758 615 2833 Serm.
629 2767 709 2848 164.
735 2760 772 2824 de
789 2755 975 2844 Ascenfiorre
986 2761 1136 2830 Domini.

156 2861 160 2870 '
201 2856 264 2937 Ob
296 2856 457 2939 eamdem
486 2859 661 2931 rationem
694 2854 872 2940 Dominus
920 2855 1093 2951 discipulis
1123 2860 1387 2943 aiteiomrta.

149 2960 295 3051 Expedit
314 2953 428 3042 vobis,
452 2975 486 3026 ut
507 2978 563 3050 ego
582 2957 700 3026 vadam
712 2953 767 3042 ›¹st
788 2961 873 3025 enim
894 2980 954 3025 non
975 2957 1108 3041 abiero,
1134 2967 1194 3025 Ρα..
1312 2991 1314 2997 s

152 3059 294 3129 recletus
319 3079 379 3125 non
408 3059 520 3124 veniet
545 3059 586 3123 ud
614 3075 698 3138 vos;
718 3051 747 3140 st
771 3075 879 3126 aurem
903 3052 1036 3144 abiero,
1061 3062 1193 3132 mittem
1233 3091 1235 3095 ·
1315 3118 1318 3152 ;

150 3181 224 3229 eum
252 3163 291 3226 al
317 3181 388 3230 vos.
420 3155 623 3254 Tamquam
652 3155 807 3250 diceret:
834 3212 855 3247 „
869 3213 889 3249 „
901 3152 1054 3255 Expedit
1078 3161 1192 3242 vobis,
1312 3153 1317 3165 ’

98 3251 100 3258 ’
150 3277 193 3337 ut
217 3259 292 3336 baec
314 3257 427 3333 forma
449 3254 534 3331 servi
548 3256 728 3331 auferatur
747 3278 767 3330 a
791 3259 903 3330 robis·
928 3256 1025 3333 Caro·
1046 3257 1192 3366 quidem
1276 3265 1313 3283 ’·’

149 3358 281 3442 folium
309 3356 468 3434 Verbum
497 3354 619 3429 habito
641 3359 676 3427 in
700 3357 800 3430 vobis
820 3406 830 3434 ‚
848 3355 902 3430 led
928 3358 1016 3438 nolo
1041 3383 1097 3432 me
1120 3382 1195 3434 car·
1275 3384 1293 3437 ,·

152 3458 276 3532 naliter
298 3455 415 3541 adhuc
443 3453 614 3550 diligatis,
638 3454 674 3537 te
696 3455 762 3538 illo
784 3455 868 3531 latre
894 3460 1078 3542 contenti,
1102 3459 1193 3540 sem·
1228 3464 1252 3482 ''
1310 3483 1314 3490 ·

153 3580 217 3652 per
242 3555 392 3634 infantes
415 3551 480 3628 elle
502 3557 660 3652 cupiatis.
686 3554 830 3652 Expedit
855 3557 969 3631 vobis,
996 3579 1033 3625 ur
1053 3581 1109 3648 ego
1133 3582 1194 3625 va·

154 3662 248 3739 dam,
271 3657 340 3739 (rc,
368 3653 403 3728 Si
424 3653 586 3733 alimenta
608 3670 747 3738 tenera,
770 3656 899 3753 quibus
919 3680 981 3730 vos
1000 3657 1090 3744 alui,
1116 3681 1192 3733 non
1254 3743 1256 3746 Α

148 3750 372 3831 l'ubtrarrerm
391 3754 540 3831 solidum
554 3755 673 3828 cibum
687 3761 760 3827 n'on
781 3753 950 3847 esurietis;
968 3755 991 3829 li
1006 3760 1099 3831 carni
1118 3748 1194 3831 ea'r'·
1258 3742 1280 3789 >⁸
1414 3774 1422 3781 ·

150 3855 275 3930 naliter
292 3853 462 3939 haeseritis,
484 3875 628 3950 capaces
644 3853 792 3948 Spiritus
806 3876 879 3927 non
900 3855 1072 3946 eritis,‚,‚.
1098 3855 1192 3936 Nam

149 3957 154 3967 ¹
174 3952 240 4031 ‘uid
261 3954 332 4044 est,
351 3955 386 4023 'St'
400 3976 461 4024 nors
480 3948 602 4026 abiere,
626 3950 811 4020 Paracletus
830 3975 891 4020 non
914 3958 1026 4021 veniet
1046 3957 1190 4032 adeost

146 3977 179 4144 2
202 4071 309 4124 autem
331 4049 466 4138 abiero,'
482 4055 614 4121 mittam
636 4072 708 4120 eum
733 4052 775 4119 ed
799 4051 954 4128 vost-N
957 4053 1103 4151 nmquid
1134 4054 1193 4132 llic

150 4151 287 4267 politus
307 4177 389 4229 eum
414 4176 487 4227 non
510 4164 649 4247 poterat
671 4153 833 4233 mittere,
855 4159 962 4265 quern
987 4151 1111 4227 scimus
1136 4153 1190 4231 lu·

150 4274 316 4364 pereum
338 4255 380 4327 ba
408 4255 555 4327 tizatum
575 4245 721 4333 venisse,
746 4267 853 4347 atque
872 4249 1052 4339 'mnnfillet
1075 4255 1189 4329 immo
1276 4325 1278 4328 ,

150 4375 240 4435 nero
257 4276 501 4450 aquollnnus
513 4372 595 4437 eum
614 4372 797 4445 nunquam
822 4350 1045 4448 separabilem
1065 4349 1190 4430 luisse?

143 4462 210 4549 5„
222 4450 322 4550 Quid
351 4450 400 4526 est
421 4472 533 4545 crgo,
559 4452 594 4518 Si
616 4471 676 4517 nors
703 4445 811 4518 allero
838 4457 1024 4520 Paracletus
1048 4473 1111 4522 non
1132 4475 1191 4521 ve.
1208 4452 1294 4529 Iste·
1307 4455 1350 4522 ι(
1365 4468 1394 4532 r.

152 4553 221 4627 ’πέει
238 4553 279 4620 ad
289 4550 375 4625 ver?
388 4547 461 4626 Nisr
474 4607 484 4636 ‚
498 4571 572 4624 non
585 4548 728 4646 potestis
738 4554 864 4645 'capere
875 4549 1056 4645 Spiritum,
1069 4575 1202 4647 quamv

153 4645 1194 4840 diulecundumcarnemeefrfistitisnblleChristumhbnde
1316 4664 1319 4668 ‘

244 4770 246 4775 ¹
464 4793 468 4799 '
656 4766 683 4851 4
1059 4755 1070 4828 i
1097 4776 1144 4848 e,
