3250 5392
378 401 591 513 uuerde,
618 395 895 519 &Symbolo
1024 326 1028 334 Ι
1094 397 1206 509 402,
1247 399 1265 471 l

134 573 291 667 Concilii
319 575 520 654 Tridentini
550 574 814 663 catechismum
844 567 971 651 scilicet
995 567 1202 653 infernum*

134 679 412 756 damnatorum,
438 675 711 775 Purgatoriurn‚
738 679 774 751 da
796 673 979 756 lebum·
1215 725 1353 792 mm

188 775 347 854 lnl'ernus
367 778 616 872 damnatorum
637 779 684 851 est
704 775 822 851 inlima
843 776 945 872 regio
967 788 1088 855 terrae,
1110 769 1179 847 live
1196 804 1348 870 damnato.

135 898 255 955 career
269 882 486 964 teterrimus,
511 878 548 952 dr
566 873 843 962 obscuriiirmus,
868 874 1271 972 ubireproborumrum
1402 949 1404 954 .

85 1027 93 1050 .
135 983 260 1054 animae
280 975 352 1058 ,Dei
377 977 510 1054 visione
538 980 573 1052 in
600 995 771 1056 aeteruunr
794 979 962 1070 privatae,
988 988 1176 1071 perpetuo,

138 1077 172 1150 dr
198 1079 459 1173 inextinguibili
481 1083 583 1174 igne,
604 1099 687 1154 cum
707 1076 873 1159 diabolo,
897 1075 934 1148 dr
951 1071 1082 1168 angelis
1102 1072 1177 1167 ejus

137 1189 364 1271 torquentur.
401 1176 477 1273 Qui
497 1181 602 1254 etiam
615 1179 790 1259 Cebenna,
806 1168 962 1264 Abyffirr,
984 1173 1180 1270 &propria

136 1272 391 1375 significatione
412 1285 564 1365 infirnus
589 1280 625 1352 in
646 1275 834 1368 Scripturis
856 1289 1018 1353 vocatur.
1335 1349 1344 1366 ‚
1383 1367 1386 1375 Ι

190 1375 436 1469 Purgatorium
456 1375 556 1452 locus
568 1377 627 1460 est,
647 1379 683 1451 in
703 1397 778 1474 quo
797 1372 938 1450 Piorum
951 1396 1085 1458 animae,
1101 1376 1178 1471 qui·
1196 1347 1377 1433 pm,
1481 1468 1483 1472 Ι

138 1472 284 1553 buldam
305 1496 535 1570 peccatorum
551 1476 738 1552 venialium
750 1473 898 1556 maculis
907 1471 1104 1558 infuscata,
1122 1472 1181 1551 uel

85 1632 88 1641 .
138 1577 249 1674 paenir
276 1593 508 1668 peccatorum
537 1579 724 1653 obnoxiae,
747 1574 790 1650 ad
825 1572 1019 1649 delinitum
1037 1588 1180 1670 tempus

141 1676 302 1751 cruciatae
320 1679 527 1772 expiantur,
546 1690 585 1751 ut
602 1678 650 1751 eis
669 1699 703 1752 rn
720 1691 887 1757 aeternam
904 1676 1049 1769 patriam
1064 1689 1181 1769 pateat

138 1772 275 1854 aditus,
299 1769 334 1846 in
361 1798 467 1870 quam
483 1773 567 1850 nihil
592 1778 862 1873 coinquinatum
884 1774 1031 1848 introire
1053 1772 1179 1870 potest.
1312 1818 1315 1823 -

138 1875 260 1975 Atque
281 1872 358 1953 haec
380 1875 456 1949 duo
485 1878 705 1969 receptacula
730 1875 872 1972 utrique
895 1875 1077 1967 tempori,
1108 1889 1182 1951 tam

139 1975 240 2074 quod
265 1970 391 2053 Clarilli
416 1971 609 2050 Pailionenr
632 1971 823 2071 precellit,
845 1995 952 2072 quam
975 1972 1077 2070 quod
1102 1995 1186 2052 eam·

139 2071 371 2149 conlocutum
391 2073 463 2148 est,
489 2079 695 2150 communia
719 2074 829 2154 fuere.
930 2147 934 2155 .
1242 2116 1248 2134 ι·

189 2167 337 2247 Limbus
358 2173 406 2249 est
425 2174 758 2270 l'ubterranearegio
772 2172 908 2250 duabus
929 2171 994 2249 illis
1012 2167 1184 2264 superior,
1198 2145 1329 2215 'mu‘

136 2269 175 2347 in
205 2292 275 2368 qua
302 2275 427 2352 animae
452 2270 683 2354 Sanctorum,
709 2274 837 2368 quibus
867 2272 959 2349 nulla
984 2270 1077 2346 labes
1101 2294 1187 2364 pur·

140 2374 279 2468 ganda,
306 2372 399 2446 nulla
421 2395 518 2467 paena
540 2395 608 2469 pro
631 2373 782 2471 peccatis
806 2369 976 2447 solvenda
1000 2369 1202 2473 superetur,

139 2485 222 2548 unte
234 2468 359 2550 Christi
380 2469 529 2549 Domini
550 2472 742 2550 adventum
765 2473 1051 2569 excipiebantur,
1069 2470 1188 2566 ibique

138 2566 212 2645 fine
224 2567 297 2645 ullo
320 2570 453 2645 doloris
471 2569 579 2654 stulu,
598 2573 697 2648 beata
709 2570 967 2667 redemptionis
982 2566 1040 2665 spe
1059 2567 1189 2645 lusten-

140 2670 590 2769 tatae‚quietababitatione
599 2671 816 2749 fruebantur.
840 2668 1188 2749 Differebaturenim

141 2790 268 2849 eorum
297 2771 478 2846 beatitudo
504 2769 682 2871 usquead
716 2769 844 2853 Christi
865 2771 1079 2853 adventum,
1105 2770 1189 2871 quia

140 2873 345 2946 communis
368 2888 482 2949 reatus
504 2886 656 2953 naturae,
681 2893 725 2946 ex
745 2886 896 2969 peccato
919 2866 1080 2964 originali
1099 2889 1194 2946 tunt:¹

141 2968 320 3063 superstes,
340 2971 456 3045 donec
470 2967 719 3070 Redemptoris
733 2967 909 3071 palione,
930 2969 966 3044 dr
984 2983 1101 3044 morte
1118 2967 1189 3044 tol·

139 3064 295 3154 leretur,
317 3093 454 3144 moram
478 3069 626 3166 ipsarum
645 3069 801 3146 felicitati
821 3068 998 3148 afferebat.
1035 3066 1187 3146 Caelnm

141 3168 245 3257 cujus
264 3169 368 3244 clavis
389 3168 515 3250 Christi
535 3167 672 3266 sanguis
689 3170 757 3248 est.
780 3169 946 3247 nondum
966 3183 1041 3244 erat
1061 3167 1188 3243 resera·

141 3279 242 3344 tum,
261 3273 418 3336 Nondum
429 3275 599 3362 propalata
614 3269 893 3359 eratdauilorum
908 3275 992 3345 via,
1015 3284 1054 3343 ut
1068 3267 1187 3367 loqui.
1201 3309 1278 3379 neh
1293 3327 1326 3388 ᾗ
1387 3346 1389 3351 Ι

142 3376 202 3439 tur
217 3367 416 3464 lipostolus·
441 3368 520 3444 Nec
536 3373 680 3448 mirum,
696 3367 798 3469 quod
810 3366 900 3468 Justi
910 3390 1048 3446 moram
1065 3366 1185 3462 hujus·
1291 3368 1294 3375 ’

142 3463 244 3537 modi
256 3483 475 3563 paterentur3
491 3467 709 3565 siquidem&
724 3493 838 3555 nunc,
853 3469 889 3542 dt
901 3468 1010 3564 usque
1020 3465 1183 3546 adfinem

142 3564 269 3640 mundi
281 3568 433 3650 miseriis,
444 3570 480 3642 ἂ
491 3571 760 3645 mortiobnoxii
771 3567 921 3646 suutviri
932 3566 1044 3648 sandi,
1059 3590 1183 3665 quam·

140 3661 203 3737 diu
224 3664 283 3739 hic
304 3670 410 3741 vitam
430 3683 543 3764 agunt
566 3687 657 3756 ;nec
675 3669 718 3745 ab
737 3668 799 3742 illis
815 3665 967 3764 perfetta
985 3666 1184 3742 liberabun-

141 3777 201 3841 tur
224 3764 322 3842 eler‘li
345 3765 408 3840 nisi
431 3770 467 3840 in
487 3765 642 3844 secundo
663 3766 789 3845 Chrilli
809 3770 989 3850 adventu,
1014 3767 1050 3840 &
1074 3764 1185 3860 resur.

141 3863 296 3940 redione
321 3867 497 3962 generali,
522 3890 606 3942 cum
635 3866 823 3962 uloviffime
844 3861 1025 3946 astruetur
1049 3868 1185 3936 inimica
1204 3877 1367 3961 aceras.

140 3984 240 4046 mors,
268 3967 388 4047 Locus
412 3966 489 4042 ille,
511 3988 627 4064 quem
640 3965 825 4063 Theologi
847 3963 1018 4042 Limbum
1040 3965 1183 4047 Patrum
1412 4027 1417 4038 r

140 4084 296 4149 vocant,
317 4066 473 4143 Christus
492 4067 528 4139 in
550 4063 741 4162 Evangelio
767 4074 880 4138 Sinam
902 4065 1041 4137 Abrnlrae
1063 4080 1182 4153 vocat,
1201 4052 1273 4124 laun
1288 4063 1352 4135 id...

140 4165 179 4239 &
197 4169 231 4240 in
247 4191 328 4243 eum
343 4165 463 4241 Lazari
478 4166 630 4241 mendici
653 4171 806 4242 animam
831 4168 875 4244 ab
895 4166 1036 4266 Angelis
1052 4166 1183 4264 depor-

139 4281 248 4359 tatam
272 4265 369 4343 fuiffe
391 4265 544 4341 testatur.
581 4263 722 4357 Quietis
743 4269 946 4352 auttm,.&
968 4264 1183 4344 consolatio.

138 4373 194 4446 nir
214 4370 336 4450 locum
353 4365 473 4453 fuille,
494 4388 570 4547 rugi
592 4362 818 4448 solun-anns
838 4367 1052 4548 vocabulurfrir
1075 4362 1199 4462 signi..

588 4482 657 4559 cri
734 4532 737 4537 -
917 4477 919 4482 ’
1045 4485 1125 4559 out.

654 4634 668 4681 l
