3250 5392
1085 484 1097 509 κ
1352 468 1355 481 .
1386 183 1399 457 Ι

491 750 986 884 ιιιιιιι,ιιειιιιιοιι.
1078 783 1134 887 q
1213 718 1282 880 ις’
1386 724 1389 731 ’

220 952 413 1042 precepta.
437 937 602 1018 Numero
625 941 747 1038 exigui
769 964 833 1034 per
853 938 1031 1020 muudum
1051 938 1276 1034 disseminan-
1324 966 1327 972 ·

175 1110 178 1115 .
220 1057 294 1128 tur,
313 1040 478 1141 populos
494 1039 657 1116 facilitate
677 1039 828 1117 mirabili
850 1055 1086 1131 convertunt,
1100 1046 1192 1122 inter
1207 1044 1276 1124 inb

170 1170 177 1235 ι
218 1144 333 1219 uicos
354 1156 552 1239 augentur,
574 1132 875 1237 persecutionibus
895 1141 1082 1230 crescunt,
1107 1166 1170 1241 per
1185 1140 1275 1223 affll.
1376 1190 1380 1199 a

169 1248 174 1305 l
217 1241 381 1319 monum
407 1239 582 1336 angustias
606 1238 777 1341 usquein
810 1255 981 1319 terrarum
1006 1256 1166 1325 extrema
1188 1243 1291 1330 dilan

219 1348 353 1419 untur·
395 1337 450 1418 Ex
469 1336 750 1437 imperitiilimis,
774 1339 811 1415 a
842 1337 1072 1436 abjedliffimia
1093 1395 1104 1429 ,
1124 1365 1173 1426 ex
1187 1333 1278 1440 pain·

219 1438 361 1517 cissimis
382 1441 648 1527 illuminantur,
675 1439 908 1527 nobilitantur
924 1468 939 1527 ,·
962 1441 1276 1540 multiplicantur»
1314 1485 1316 1489 v
1472 1508 1476 1519 .

218 1538 473 1640 praeclarilstma
492 1541 657 1635 ingenia,
681 1538 864 1617 cultillrma
886 1540 1029 1636 eloquia
1048 1562 1060 1632 ;
1083 1541 1275 1621 mirabiles-

217 1644 453 1816 rursu
477 1656 692 1817 sula
728 1637 1126 1823 saliemus
1147 1642 1276 1761 “st

345 1764 367 1816 u
409 1764 501 1815 uan
625 1765 635 1813 ι
711 1792 721 1825 ,
810 1763 831 1817 a
1042 1764 1065 1815 n
1112 1765 1148 1818 ru
1180 1764 1276 1825 uram

244 1841 361 1916 ieratis
374 1764 592 1936 ,lialgotisque
610 1853 842 1925 convertunt.
880 1764 1033 1921 Xlternis
1059 1839 1276 1923 adiuuari

218 1862 677 2036 summittebantur
703 1961 846 2025 terunt,
869 1943 1096 2039 patientiam,
1120 1941 1158 2028 aa
1185 1955 1276 2023 tem

218 2042 418 2137 perantiam
436 2038 622 2125 vigilanter
647 2053 839 2117 exercenti
855 2040 994 2120 mundo
1017 2039 1218 2125 declinante
1236 2043 1275 2125 iu

217 2155 409 2220 extrema,
433 2135 593 2236 feibsqne
606 2138 713 2217 rebus
735 2155 875 2221 aetatem
899 2140 1060 2215 ultimam
1078 2139 1276 2239 protestati*

218 2252 280 2325 te,
318 2239 438 2315 mrito
459 2236 660 2321 -lideutius,
692 2239 834 2337 quia&
866 2234 940 2315 hoc
965 2238 1172 2336 praeditlum
1199 2236 1275 2328 ests

216 2357 389 2419 eternam
410 2339 559 2413 civitatis
580 2338 732 2415 coeleliis
754 2337 955 2417 felicitatem
971 2338 1171 2436 expedint·
1212 2342 1276 2425 dt-

216 2441 409 2537 quainter
434 2436 511 2515 haec
532 2439 652 2515 omnia
674 2457 800 2517 contra
833 2434 1024 2524 Ecclesiam
1048 2435 1178 2516 Christi
1207 2442 1275 2525 int-

216 2541 358 2637 piarum
378 2540 542 2632 gentium
573 2534 757 2612 infidelitas
782 2536 929 2619 sreuritt
963 2542 1105 2620 Evincit
1132 2537 1188 2621 illa
1214 2563 1275 2636 pa·
1378 2566 1380 2569 ’

217 2639 366 2720 nendo,
401 2638 438 2711 de
473 2632 715 2729 inconcussam
753 2636 859 2714 iidem
898 2640 987 2717 inter
1029 2635 1275 2721 obsistentium

217 2737 398 2814 saeviciam
417 2735 635 2831 profitendo,
687 2732 862 2818 Revelatae
895 2740 1079 2823 veritaris,
1107 2760 1186 2834 quae
1212 2738 1275 2815 diu

217 2834 399 2934 promillis
424 2837 576 2935 mysticis
611 2834 812 2920 velabatur,
839 2835 1019 2915 sacrificio
1039 2835 1273 2923 succedente,

219 2937 277 3013 illa
295 2935 495 3013 Sacrificio,
519 2937 645 3035 quibus
666 2935 738 3012 lroc
760 2934 998 3032 figurabatur,
1013 2933 1155 3032 Templi
1169 2934 1275 3034 ipsius

219 3035 406 3114 eversione
427 3036 624 3121 tolluntur:
652 3034 817 3132 Reproba
835 3060 897 3131 por
917 3032 1159 3115 infidelitatem
1186 3062 1275 3131 gens

218 3135 292 3235 ipsa
314 3134 564 3234 Jndaenrunta
596 3133 733 3214 sedibus
765 3139 970 3229 extirpata,
1004 3159 1067 3234 per
1095 3137 1275 3223 mundum

223 3236 481 3338 usquequaque
511 3234 744 3333 dispergitur,
768 3252 808 3321 ut
829 3239 960 3335 ubique
978 3250 1101 3333 portet
1119 3234 1275 3321 Codices

222 3336 394 3420 saucios,
425 3359 467 3411 ac
491 3334 536 3411 src
568 3332 766 3431 Prophetiae
790 3336 1032 3417 testimonium
1047 3389 1057 3418 ,
1074 3359 1145 3434 qua
1169 3335 1275 3423 Chri-

223 3438 294 3533 slus
317 3484 329 3520 ‚
368 3436 406 3510 aa
437 3432 586 3518 Ecclesia
610 3441 838 3531 pronuntiata
860 3434 909 3511 eli
929 3492 939 3526 ,
963 3459 1008 3513 ne
1029 3435 1073 3510 ad
1092 3451 1274 3533 tempusa

221 3538 329 3614 nobis
350 3534 471 3615 linum
492 3534 769 3619 existimaretur,
793 3535 836 3610 ab
866 3533 945 3631 ipsis
963 3533 1160 3615 adversariis
1190 3559 1276 3632 pru-

224 3636 357 3713 setatur
373 3685 383 3717 ‚
397 3638 455 3729 ubi
469 3638 574 3712 etiam
592 3635 682 3731 ipsos
702 3636 906 3731 praeditlum
920 3633 969 3719 est
990 3659 1065 3710 non
1087 3633 1184 3712 l'uiffe
1197 3658 1273 3714 cre-

224 3737 378 3813 dituros,
414 3734 562 3832 Templa
582 3736 650 3816 ,ἀ
682 3733 864 3823 fimubcra
889 3733 1132 3819 santonum,
1173 3734 1273 3821 ritus·

225 3859 300 3935 que
327 3834 482 3931 sacrilegi
506 3835 671 3927 paulatim
693 3853 838 3932 ‚atque
852 3833 1049 3915 alternatim
1078 3834 1275 3917 secundum

223 3934 895 4108 praedidnfiropbeticasubvertuntur,
931 3931 1085 4012 Haereles
1112 3934 1274 4016 adversus

224 4032 408 4113 uomens
438 4035 527 4119 cisti,
542 4034 602 4110 sub
626 4035 827 4117 velamento
850 4051 968 4111 tamen
989 4038 1146 4109 nominis
1171 4033 1275 4114 Chri·

223 4136 289 4217 lli,
309 4133 356 4211 ad
379 4134 612 4210 exercendam
631 4131 837 4210 Doslrinam
865 4132 984 4208 l'anslae
998 4129 1214 4230 Religionis,
1229 4131 1273 4222 li·

222 4251 290 4314 cut
314 4239 560 4332 praenuntiatae
576 4233 681 4317 lunt,
709 4231 893 4331 pullulant·
920 4230 1009 4325 Haec
1035 4237 1155 4317 omnia
1185 4234 1275 4319 licut

222 4334 400 4433 leguntur
418 4333 600 4431 pradilia,
623 4338 670 4421 ita
688 4348 883 4417 cernuntur
913 4332 1082 4431 impleta,
1104 4352 1210 4432 atque
1227 4355 1275 4412 ex

223 4435 280 4513 his
299 4438 374 4533 jam
401 4436 756 4530 tot,&tantis›quae
774 4434 925 4520 reltant,
949 4433 1181 4531 expetiantur
1207 4436 1275 4512 inr-

222 4535 366 4636 plenda.
385 4531 550 4609 Tandem
565 4557 664 4611 mens
675 4530 774 4611 avida
786 4535 1009 4619 aeternitatis,
1022 4535 1172 4629 vitaeque
1186 4557 1274 4632 prae-

221 4637 328 4715 sortis
343 4637 515 4717 breviore
530 4650 711 4732 perunum.
729 4646 856 4715 contra
879 4631 982 4728 buius
1000 4633 1127 4711 divinat
1154 4631 1275 4712 auito·

223 4740 335 4820 sitatis
348 4736 474 4816 lumen
486 4787 498 4824 ,
512 4734 727 4833 culmenque
747 4733 943 4813 contendat
961 4791 983 4829 „
995 4730 1045 4828 „i

1052 4816 1251 4935 „Quae'
