3250 5392
394 755 899 877 fflffissmm.
1111 775 1288 870 m·

148 938 237 1017 tiam
253 935 313 1022 ‚de
330 932 522 1018 hominum
544 931 685 1011 salutem
707 926 894 1012 doloribus
912 954 924 1026 ;
939 924 998 1009 led
1019 931 1127 1012 etiam
1155 933 1195 1013 iu
1229 977 1232 988 ·
1265 984 1269 1018 ,-
1388 961 1407 1027 i

98 1044 102 1057 '
147 1035 491 1131 mortenppetenda
512 1037 558 1109 ita
582 1034 757 1115 ostendit,
783 1048 824 1109 ut
849 1053 930 1108 vere
948 1030 1066 1116 dicere
1089 1028 1196 1128 poui-
1465 1061 1467 1065 ·

148 1159 232 1213 mus
257 1183 267 1216 ‚
296 1133 515 1225 Salvatorem
535 1134 720 1220 nostrum,
739 1155 977 1233 quecumque
1004 1135 1084 1209 vitae
1104 1153 1197 1227 prae·

149 1236 255 1330 ee'pta
276 1247 359 1313 toto
375 1232 633 1332 predicationis
647 1234 891 1329 luaetempore
914 1234 1028 1309 verbis
1043 1255 1110 1307 uos
1126 1231 1196 1308 do·

149 1341 245 1420 cuit,
269 1359 308 1417 ea
322 1336 443 1411 omnia
459 1357 533 1412 uuo
553 1330 714 1416 Pallionis
728 1332 785 1409 die
797 1336 832 1408 in
849 1331 958 1430 leiplo
982 1327 1190 1429 expreffiffe.

200 1433 417 1516 Charitatetn
431 1435 596 1516 eximiam
609 1434 784 1515 ostendit,
811 1436 894 1533 quia
910 1429 1095 1509 Dominus
1105 1429 1195 1527 ''gio-

148 1537 210 1619 riae
237 1558 304 1633 pru
327 1534 452 1616 servis,
483 1533 841 1618 Seruituslaullorum
857 1553 924 1630 pro
946 1533 1194 1630 peccatoribus

152 1652 319 1714 mortuus
332 1636 391 1714 eli,
419 1635 462 1704 Ur
477 1638 554 1731 quid
568 1638 654 1704 enim
666 1630 812 1713 Christus
826 1675 838 1710 ,
851 1655 922 1704 cunr
935 1631 1038 1703 adhuc
1065 1625 1194 1718 infimi
1299 1645 1302 1661 '

130 1733 281 1823 'ellomur
292 1732 464 1821 secundum
483 1753 630 1827 ternpus,
645 1752 707 1827 pru
732 1736 848 1829 impiis
869 1752 1018 1806 mortuus
1034 1728 1105 1812 esti
1124 1728 1196 1807 Vix
1304 1808 1314 1831 Ι

148 1830 397 1927 piimprnjullo
413 1836 486 1929 quis
508 1838 672 1912 moritur:
697 1854 841 1923 ιιιιιιριι
863 1828 943 1906 bono
955 1830 1097 1925 forfitaen
1119 1833 1195 1930 quis

151 1919 379 2009 aulealmori.
404 1938 416 2015 l
432 1937 549 2038 iuquit
564 1933 725 2032 Apostol.
743 1935 983 2020 >Commendat
994 1933 1192 2006 uutemelrr.
1207 1939 1296 2021 κω,
1316 1967 1344 2035 le

148 2037 285 2109 ritatem
301 2031 392 2123 stram
404 2031 672 2118 Detestandis:
697 2036 848 2131 quoniam
865 2058 937 2109 ιιιιιι
960 2032 1064 2105 adhuc
1082 2052 1195 2127 pecca.

149 2151 243 2214 rores
256 2131 386 2222 cffirmus
396 2134 567 2222 secundnm
580 2156 730 2228 ternpus,
746 2131 894 2213 Chriilns
915 2146 977 2229 pio
997 2130 1088 2205 nobis
1108 2157 1195 2209 tuor.

147 2254 230 2307 trus
247 2230 313 2318 eli:
328 2237 429 2306 multo
450 2239 554 2330 igitur
567 2239 671 2328 uirgis
690 2259 771 2305 nunc
787 2228 966 2327 justificari
988 2241 1024 2306 ιἰι
1043 2233 1199 2329 sanguine

148 2333 270 2427 ἰρριιι,
283 2333 372 2422 [aliu
384 2339 506 2406 erimus
522 2332 563 2405 ab
577 2337 631 2404 ira
642 2354 707 2427 per
718 2333 831 2426 ipsum.
856 2333 902 2419 Et
913 2342 946 2412 S.
957 2356 959 2359 ·
970 2342 1107 2419 Petrus,
1131 2331 1198 2434 Ep.

151 2455 187 2512 1.
215 2457 291 2532 cap.
321 2457 352 2525 3,
374 2436 535 2520 eamdem
553 2434 758 2519 charitatem
782 2440 1001 2536 praedicant,
1024 2431 1195 2523 chrissus,

148 2535 267 2634 inquit
277 2584 288 2618 ,
310 2537 408 2624 semel
416 2557 475 2629 pro
489 2540 632 2629 peccaris
643 2533 758 2614 nostris
778 2556 925 2607 ιιοιιιιιιι
939 2533 981 2616 ess
992 2590 1004 2624 ,
1013 2532 1118 2629 juliar
1134 2554 1197 2629 pro

148 2631 279 2726 injustis
292 2678 303 2711 ,
314 2653 352 2706 ur
368 2661 424 2706 nos
438 2632 571 2727 offerm
585 2640 679 2719 Deo,
702 2631 922 2722 mortificatus
939 2641 1197 2730 quidemcarne,

148 2730 347 2821 vivificatur
361 2757 468 2808 autem
477 2735 609 2829 spiriru.
640 2732 738 2812 Hinc
752 2738 927 2806 Salvianus
940 2737 999 2816 lib.
1026 2760 1056 2817 1.
1075 2740 1113 2806 dt
1124 2740 1196 2805 Gu-

147 2831 341 2906 bernarium
351 2841 440 2923 Dei,
469 2835 599 2917 Putris,
620 2832 769 2936 Filiique
788 2835 993 2917 charitatem
1011 2835 1193 2912 indivisam

148 2939 186 3012 in
214 2936 375 3013 homines
394 2935 651 3014 commendans
674 2959 683 3011 :
717 2992 770 3028 „,‚
790 2933 870 3013 Plus
891 2952 986 3014 aaut
1003 2959 1070 3013 nos
1093 2936 1194 3019 Deus
1228 2977 1231 2984 ·

147 3031 312 3130 (inquit)
331 3060 436 3137 quarn
454 3036 565 3111 lilium
583 3050 690 3130 pater.
719 3032 873 3121 Evidens
889 3041 1023 3135 quippe
1045 3061 1098 3112 rer
1119 3036 1192 3122 est,
1248 3075 1250 3078 v

148 3136 251 3233 quod
264 3137 364 3234 super
380 3137 544 3213 affellum
562 3134 715 3216 liliorum
731 3159 797 3211 nus
818 3136 951 3233 diligit,
969 3138 1031 3233 qui
1045 3152 1195 3235 propter

148 3260 220 3311 uos
236 3233 326 3312 Filio
348 3260 423 3313 non
447 3239 614 3333 pepercit
653 3232 697 3311 Et
719 3235 793 3314 hoc
811 3235 898 3312 Filio
927 3238 1043 3332 justo,
1066 3239 1102 3313 de
1121 3238 1195 3315 hoc

147 3332 241 3413 Filio
256 3335 471 3434 Unigenito,
489 3337 523 3410 δι
540 3334 614 3412 hoc
628 3331 720 3412 Filio
735 3335 830 3413 Deo·
857 3334 900 3415 Et
910 3335 983 3413 hoc
995 3359 1064 3435 pro
1076 3337 1193 3443 nobis,

148 3435 256 3522 idest,
272 3460 339 3535 pro
354 3437 470 3522 mulis,
495 3433 787 3532 proirnpiiffimis·
811 3437 906 3535 Quis
916 3438 1082 3516 aestimare
1095 3436 1195 3516 hunc
1229 3523 1239 3529 ,

151 3558 236 3631 erga
255 3533 404 3615 nosDei
426 3559 585 3611 aurorem
601 3552 731 3631 queat,
756 3537 818 3613 nili
842 3539 943 3637 quod
966 3538 1092 3629 justitia
1125 3537 1195 3617 Dei
1234 3582 1252 3630 μ

146 3635 327 3719 tenneli,
345 3650 386 3714 ut
402 3639 437 3711 in
453 3658 534 3711 euru
550 3636 674 3710 cadere
685 3636 817 3730 aliquid
839 3637 1006 3732 injustum
1025 3662 1099 3714 non
1116 3636 1195 3735 pol·

147 3732 217 3812 fir?
237 3734 330 3812 Nam
343 3753 515 3836 quantum
539 3735 581 3808 ad
600 3738 774 3810 rationem
800 3738 991 3814 humanam
1019 3741 1195 3833 pertinet.

147 3836 312 3930 injustam
327 3859 403 3912 reni
425 3835 539 3911 homo
557 3833 705 3931 quilibet
725 3834 875 3922 lecerat,
905 3833 930 3910 Γι
952 3859 1020 3932 ριο
1045 3836 1196 3932 pellimit

148 3934 375 4013 servislilium
394 3937 532 4011 bonurn
551 3929 743 4012 occidilsrt.
773 3935 908 4034 Utique
925 3935 998 4016 huc
1012 3941 1123 4034 magis
1140 3938 1197 4012 in·

147 4032 352 4112 aellimabilis
367 4037 499 4133 pietas,
523 4033 563 4114 dr,
583 4032 656 4109 hoc
670 4038 781 4130 magis
806 4036 970 4110 mirabilis
995 4037 1064 4116 Dei
1085 4039 1194 4114 virtut

145 4136 217 4218 est.
243 4138 343 4233 quod
358 4138 404 4211 ita
425 4128 571 4228 intelligi
593 4133 797 4210 abhomine
817 4136 1029 4225 magnitudo
1052 4137 1194 4231 jultitiae

144 4234 217 4313 luae
240 4259 315 4310 non
336 4234 474 4330 potest:
499 4249 538 4309 ut
552 4248 725 4332 quantum
753 4235 795 4315 ad
824 4235 1099 4312 imbecillitatem
1124 4235 1192 4312 hu·

145 4358 288 4412 minam
303 4339 475 4430 pertinet,
500 4355 592 4430 pene
617 4333 791 4426 injustitiae
807 4335 956 4434 speciem
976 4340 1190 4430 magnitudo

144 4436 283 4532 justitiae
299 4435 426 4511 habere
444 4432 622 4511 videatur.
638 4481 672 4514 ο.
701 4432 772 4509 Vix
790 4438 883 4510 enim
899 4458 967 4531 pro
993 4437 1086 4533 julio
1112 4438 1190 4540 quit

144 4537 369 4612 moritur...
393 4531 429 4610 Si
451 4534 512 4608 vix
538 4532 630 4609 ullus
657 4532 870 4628 prosununa
881 4534 1009 4628 justitia
1033 4555 1189 4621 mortem

144 4634 335 4736 suscipiat,
365 4633 532 4734 probavit
553 4630 733 4718 Chrillus,
761 4651 935 4732 quantum
966 4637 1187 4733 prestiterit,

143 4757 214 4836 pro
242 4736 359 4815 nolira
378 4735 563 4836 iniquitate
586 4732 776 4916 effutiendo
790 4785 799 4807 .
813 4777 847 4816 ..
885 4741 1095 4816 commendat
1125 4758 1186 4812 aa.

503 5037 523 5091 η’
537 5073 541 5081 .
