3250 5392
1210 563 1213 581 l

406 747 476 853 De
486 740 587 836 Fide
601 801 615 850 ,
631 745 675 834 &1
691 735 946 857 Symbolo.·
1116 673 1200 849 rat·
1327 738 1329 741 ’

198 923 365 1020 Quarto,
392 914 576 994 sauciarit
600 910 752 992 Ecclesia
780 915 920 991 ratione
946 907 1130 998 dosirioae,
1158 910 1201 990 ln
1274 905 1399 976 Ecclesia

120 1106 123 1120 ,
145 1026 221 1121 ejus
246 1025 341 1106 enirn
369 1014 613 1114 Dogmatibus
636 1012 727 1103 nihil
745 1000 897 1094 falsum,
921 1009 1009 1090 nihil
1020 1036 1108 1131 'non
1125 1013 1202 1090 san·
1232 979 1331 1120 &032²
1347 1003 1403 1121 ,¹22

145 1128 255 1203 (tum.
282 1127 354 1192 lex
365 1119 503 1189 Domrni
516 1115 737 1200 immaculata,
757 1132 950 1186 convertens
969 1137 1107 1186 ammas.
1131 1111 1203 1192 Po·
1235 1136 1344 1201 euin„
1375 1189 1381 1201 ,

175 1225 222 1302 uli
243 1217 432 1299 confluunt
454 1214 498 1294 ad
520 1212 699 1301 Ecclefias,
725 1215 786 1292 ubi
804 1214 960 1302 audiant,
979 1237 1089 1314 quarn
1107 1216 1200 1292 bene
1217 1210 1290 1276 Psal.
1310 1221 1401 1287 rm

145 1250 207 1401 file
231 1323 275 1397 ad
303 1337 443 1416 tempus
469 1319 586 1393 uivere
610 1315 782 1397 debeant,
803 1330 845 1393 ut
868 1314 948 1413 post
973 1314 1067 1396 hanc
1091 1323 1202 1398 vitam

145 1427 248 1501 beate
276 1419 482 1517 semperque
507 1421 625 1494 vivere
655 1433 880 1492 mereantur:
908 1459 934 1502 ,2
951 1414 1063 1508 „Ubi
1091 1417 1204 1499 sanna

148 1524 351 1620 Scriptura,
374 1519 585 1617 justitiaeque
608 1515 770 1592 dostrina
795 1517 841 1592 de
858 1516 1036 1612 superiore
1063 1520 1150 1598 loco
1166 1523 1205 1597 in

146 1621 337 1721 conlpeslu
364 1621 530 1694 omnium
557 1614 788 1715 personante,
815 1617 853 1692 &
875 1619 939 1716 qui
959 1616 1117 1707 faciunt,
1144 1644 1207 1698 au·
1237 1697 1243 1710 ,

147 1724 246 1800 diant
270 1720 313 1797 ad
337 1720 524 1816 praemium
542 1738 553 1798 3
574 1716 609 1792 ἃ
632 1720 791 1814 quinon
814 1715 969 1803 faciunt,
989 1719 1134 1798 audiant
1160 1716 1208 1796 nd

146 1826 334 1921 judicium.
360 1823 451 1919 Quo
463 1814 525 1894 erfi
539 1819 688 1893 veniunt
704 1816 850 1915 qnidam
864 1817 986 1894 talium
1007 1836 1209 1920 praecepto·

146 1948 228 2001 rum
242 1920 415 2004 irrisores,
439 1919 557 1994 omnis
581 1939 708 1994 eorum
727 1915 921 2011 petulantia
940 1931 1001 1995 ant
1023 1922 1207 2016 repentina

149 2024 400 2101 immutatione
414 2017 621 2115 deponitur,
643 2032 705 2094 ant
720 2017 865 2104 timore,
887 2017 943 2093 vel
954 2018 1093 2115 pudore
1105 2043 1210 2099 cotu-
1291 2044 1295 2051 ·

149 2115 327 2221 primitur·
353 2116 454 2197 Nihil
478 2121 574 2194 enim
603 2120 652 2194 eis
678 2132 805 2213 torpe,
830 2140 872 2194 ac
891 2115 1107 2216 flagitiosum
1129 2122 1211 2198 imi·

148 2222 299 2300 tandum
322 2221 562 2319 proponitur,
590 2219 650 2295 ubi
671 2220 744 2297 veri
772 2214 842 2295 Dei
863 2234 927 2296 aut
956 2233 1132 2320 praecrpta
1156 2224 1211 2297 in·
1236 2254 1240 2275 τ
1375 2252 1387 2270 ·›

143 2322 353 2408 sinuantur,
373 2331 436 2398 aut
458 2317 626 2395 miracula
644 2334 845 2402 narrantur,
866 2333 929 2396 ant
945 2320 1042 2397 dona
1065 2320 1212 2399 laudan·
1380 2352 1383 2359 ·

151 2439 220 2511 tur,
233 2438 295 2501 aut
307 2419 475 2497 beneficia
485 2417 708 2516 postulantur
717 2462 742 2503 ,‚
751 2473 785 2510 „.
808 2416 928 2497 Verba
939 2418 1020 2498 sunt
1029 2425 1064 2492 S.
1074 2416 1211 2517 August.

149 2521 211 2599 lib.
233 2544 267 2598 2.
292 2525 329 2590 de
362 2521 513 2587 avitare
545 2521 614 2587 Dei
626 2571 637 2603 ,
667 2540 746 2612 cap.
763 2509 824 2599 28,

203 2620 371 2718 Denique
393 2616 611 2698 fimateriale
637 2614 854 2716 Templum,
875 2619 912 2693 in
932 2618 1034 2717 quod
1050 2616 1210 2719 Populus

151 2720 389 2804 Christianus,
416 2715 675 2800 &catholicos
697 2716 879 2795 sacrorum
905 2720 1005 2796 causa
1023 2726 1209 2802 convenit·

147 2822 225 2917 jure
246 2817 412 2897 Sanilum
436 2816 653 2916 appellatur,
679 2817 798 2895 multo
816 2820 929 2916 magis
950 2815 1103 2898 Ecclesia
1123 2820 1209 2920 ipsa,

180 2945 232 2997 uae
255 2923 375 2996 vivum
394 2915 466 3011 Dei
493 2919 562 2994 vivi
584 2898 762 3016 templurir
784 2918 853 3006 est,
878 2919 1010 2997 domur
1034 2919 1205 3018 spiritalis,
1401 3016 1409 3034 ς

151 2946 276 3098 §anila
289 3020 358 3095 dici
371 3018 488 3102 debet,
509 3018 678 3112 Tempsam
692 3020 790 3096 enirn
801 3023 871 3092 Der‘
884 3017 1095 3110 firnslrmest,
1112 3025 1198 3118 quad
1243 3026 1270 3074 ¹·
1284 3007 1352 3082 0⁸1·
1377 3025 1409 3091 l·

153 3119 228 3204 eliis
254 3139 341 3214 νοις
371 3120 515 3217 (inquit
542 3111 777 3215 Apostolus.)

614 3284 650 3370 §-
701 3275 750 3357 V.

392 3430 536 3528 Ecclefu
562 3432 686 3519 curuli
714 3401 886 3512 Curiosicae
911 3430 968 3520 tls.

153 3615 366 3781 LVerae
388 3618 550 3700 Ecclesrae
574 3627 622 3702 ita
646 3629 835 3726 proprium
859 3629 909 3708 est
936 3653 1073 3709 nomen
1101 3629 1207 3724 istud.
1288 3638 1291 3643 ’
1337 3671 1350 3687 ’·

302 3724 405 3821 eique
432 3720 536 3801 affixa
563 3733 696 3814 notio,
721 3744 762 3806 ut
790 3729 864 3806 alio
895 3734 1043 3807 nomine
1069 3756 1138 3810 nec
1160 3739 1207 3814 ab
1304 3793 1310 3805 .

154 3814 745 3994 {pbsrsdhostiborerpis'designetun
773 3845 815 3907 ut
837 3829 998 3907 observat
1008 3835 1055 4003 dS
1068 3832 1208 4007 dages,
1335 3829 1347 3874 r

168 3943 216 3993 r.
261 3944 387 3992 evera
442 3948 757 4011 erronr,ca,.
831 3974 857 4012 η
916 3953 1098 4008 enenae
1140 3956 1209 4011 no·

155 4019 233 4105 bis,
254 4019 377 4115 inquit,
389 3948 582 4101 Chrilsiaua
598 3947 754 4125 treugis,
777 3982 814 4102 ss
836 3927 915 4121 erstTr
927 4027 1089 4107 Ecclesiae
1106 4053 1211 4108 conr·

155 4124 378 4199 muniendo,
399 4147 478 4223 quae
496 4123 682 4203 Catholica
696 4126 765 4214 est,
779 4127 818 4202 rit
846 4127 1211 4210 Catholicanomina·

156 4231 234 4307 tur,
260 4245 337 4299 non
356 4219 472 4301 solum
488 4250 509 4301 a
527 4224 614 4310 suis,
636 4229 880 4305 verumetiam
898 4231 943 4305 ab
960 4230 1128 4307 omnibus
1144 4234 1210 4308 ini·

98 4324 103 4334 '
154 4323 268 4395 micis·
294 4320 416 4399 Velint
440 4322 558 4401 nolint
582 4328 677 4402 enim
699 4325 762 4424 ipsi
785 4335 935 4428 quoque
967 4328 1145 4417 haeretici,
1171 4334 1211 4410 ἀ

155 4415 390 4497 schismatum
411 4421 567 4504 alumni,
581 4427 726 4524 quando
748 4450 827 4503 non
843 4449 932 4507 cum
948 4426 1015 4506 suis
1027 4483 1037 4518 ,
1049 4428 1107 4506 sed
1122 4453 1209 4510 cunr

155 4522 331 4594 extraneis
357 4521 585 4619 loquuntur,
613 4523 838 4604 catholicam
865 4527 953 4605 nihil
980 4530 1074 4608 aliud
1100 4555 1211 4631 quarn

156 4614 381 4696 Catholicanr
401 4639 546 4701 vocant·
570 4622 659 4702 Non
673 4629 768 4704 enim
791 4625 936 4725 possunt
956 4629 1122 4724 intelligi,
1144 4629 1211 4708 nili

155 4714 232 4794 hoc
261 4742 338 4797 earu
362 4727 510 4807 nomine
530 4723 749 4818 discernant,
766 4752 843 4831 quo
867 4733 913 4811 ab
931 4729 1098 4812 universo
1121 4733 1213 4812 orbo

151 4837 414 4923 nuncupatur,
429 4869 467 4922 ,·
1067 4823 1166 4909 Hinc
