3250 5392
260 504 266 517 ,
409 406 480 507 De
493 405 618 514 Fide,
637 316 914 528 talu-‚ymberto
1146 417 1231 515 617

184 581 376 662 amittatur·
402 574 468 655 His
488 577 707 659 desideratis,
727 581 814 758 uuid
831 599 1003 677 magnum
1017 577 1088 655 rita
1103 592 1234 658 aterna
1265 604 1268 615 ·

185 686 286 780 jubet
301 682 516 755 amatoribus
530 679 614 767 suis,
634 704 718 758 curn
747 684 880 777 ejubet
896 680 941 756 lic
957 681 1087 763 amari,
1108 703 1237 778 quem·
1306 706 1310 717 ·

185 783 384 861 'admodum
402 778 479 864 hac
499 797 673 857 amatura
694 781 789 862 suis?
810 783 867 857 An
890 803 976 856 vero
994 777 1146 876 dignum
1162 778 1237 871 est,

185 882 244 970 ael
257 879 563 962 serendum20um
575 898 859 959 contemnuntur
871 883 1239 979 omnia,quaeamau·

186 997 244 1076 tur
267 984 303 1055 in
331 979 490 1069 mundo,
511 997 551 1057 ut
572 983 641 1070 uita
665 983 745 1078 post
764 981 948 1081 paululum
967 978 1142 1072 finienda,
1178 977 1242 1054 sal·

188 1096 265 1156 tem
276 1080 386 1178 ipsum
399 1079 583 1176 paululum
609 1086 819 1161 teneaturin
840 1081 1002 1161 mundos
1016 1082 1052 1155 &
1067 1102 1242 1155 noncon·

187 1185 359 1275 temnitur
382 1182 558 1267 mundus,
579 1196 618 1269 ut
637 1185 840 1259 obtineatur
870 1184 958 1266 vita,
983 1178 1151 1281 quar-fine
1170 1177 1242 1254 fine

187 1278 282 1380 apud
303 1280 402 1355 illum
426 1282 500 1374 est,
525 1304 712 1384 perquem
739 1285 848 1376 sallus
868 1282 917 1359 est
940 1279 1095 1356 mundus
1120 1335 1141 1371 „
1156 1278 1207 1372 „i
1336 1292 1338 1307 '

245 1382 449 1456 Dominum
465 1384 670 1466 audiamus,
694 1388 755 1482 qui
773 1385 876 1460 nobis
896 1384 1006 1468 vitam
1023 1380 1164 1462 summo
1187 1400 1242 1454 ar·
1374 1415 1377 1425 ·

188 1480 279 1569 dore
299 1478 560 1555 desrderandam
578 1479 768 1558 fidelissime
784 1484 995 1580 pollicetur,
1014 1480 1165 1571 velutin
1184 1495 1246 1555 to-

189 1587 258 1659 tius
285 1580 410 1655 mundi
421 1583 599 1658 concione
616 1583 848 1665 clamantem:
872 1581 1043 1651 Venitead
1056 1603 1106 1651 me
1123 1602 1242 1664 omnes,
1261 1569 1373 1649 Matth-
1393 1587 1440 1652 tl·

189 1690 247 1776 qui
263 1676 443 1756 laboratis,
458 1683 499 1750 (t
514 1690 642 1751 onerati
659 1679 753 1770 estis,
774 1687 816 1756 (ff
834 1705 891 1776 ego
904 1675 1050 1767 reficiam
1067 1703 1140 1760 vos.
1165 1680 1245 1752 Tol·

191 1782 253 1862 lite
268 1779 382 1872 jugum
401 1802 505 1850 meum
517 1780 613 1874 saper
632 1806 713 1869 vos,
733 1785 775 1855 dr
790 1785 904 1871 discite
922 1806 943 1851 a
959 1806 1008 1852 me
1026 1838 1037 1869 ,
1056 1784 1134 1883 quia
1149 1782 1245 1851 mitis

188 1882 282 1970 jorn,
303 1894 344 1950 Θ
362 1879 496 1950 humilis
515 1885 633 1977 corde,
655 1888 696 1956 (9⁸
713 1887 895 1956 invenietis
913 1886 1056 1978 requiem
1076 1876 1245 1952 animabus

192 1978 322 2061 uellus,
349 1979 481 2072 Jugum
491 1987 577 2053 erim
592 2007 697 2055 meum
706 1980 810 2067 suave
826 1984 870 2062 est
880 2041 891 2078 ,
903 1988 1033 2056 (roam
1046 2006 1149 2054 meum
1161 1982 1246 2066 leve,
1305 2010 1307 2015 ¹

193 2078 283 2165 Hac
309 2080 487 2178 disciplina
507 2087 573 2181 piae
592 2083 824 2167 humilitatis,
848 2084 1052 2166 ventosam,
1075 2084 1111 2158 δι
1133 2081 1246 2159 turbi-

194 2181 276 2256 dam
303 2183 557 2278 cupiditatem,
585 2184 789 2271 aviditatem
816 2208 934 2260 rerum
962 2201 1062 2259 extra
1090 2182 1245 2258 nostram

194 2279 407 2377 potestatem
429 2282 727 2368 constitutarum,
752 2284 851 2381 pellit
881 2307 927 2359 ex
947 2287 1080 2360 animo.
1110 2338 1132 2374 „
1147 2338 1169 2372 ,‚
1192 2279 1245 2356 lbi
1263 2258 1446 2403 {mitrul-

195 2383 291 2456 enim
317 2381 445 2483 lepor,
471 2384 530 2457 ubi
557 2382 665 2460 multa
695 2396 928 2484 quaeruntur,¹
955 2385 991 2458 &
1017 2382 1247 2478 diliguntur3
1294 2359 1304 2401 ¹
1326 2355 1384 2402 ω

197 2484 328 2582 quibus
352 2479 605 2574 adipiscendis,
631 2501 740 2582 atque
761 2483 952 2560 retinendis
976 2482 1141 2559 voluntas
1170 2505 1248 2557 non

200 2583 277 2654 satis
301 2578 372 2664 est,
398 2584 480 2683 quia
507 2584 784 2680 consequentem
809 2583 1012 2661 nonhabet
1034 2583 1250 2658 facultatem.

198 2676 295 2777 julla
316 2702 402 2754 vero
426 2683 513 2765 vita,
529 2706 612 2759 cum
627 2685 794 2771 voluntas
813 2683 931 2769 adest,
952 2687 1033 2780 quia
1048 2680 1250 2778 eamipsam

199 2781 305 2894 plene
328 2779 436 2863 velle,
455 2783 666 2875 justiorem
691 2808 758 2858 nec
778 2784 857 2881 plus
880 2784 1011 2884 aliquid
1037 2779 1250 2879 perficienda

201 2880 472 2981 Jullitia,quam
499 2881 685 2974 perfellam
701 2884 923 2961 voluntatem
946 2884 1104 2984 requirit.
1133 2879 1248 2966 Vide,

199 2979 225 3056 si
245 2981 343 3054 labor
356 2981 424 3064 est,
443 2983 502 3057 ubi
519 2983 606 3059 velle
623 2984 697 3058 satis
714 2985 774 3061 est.
812 2982 918 3060 Unde
935 2983 1100 3060 divinitus
1118 2979 1251 3057 ditium

202 3079 271 3157 est:
302 3088 370 3150 Pax
390 3083 425 3149 iu
446 3099 537 3151 terra
552 3080 732 3152 hominibus
751 3080 836 3154 bona
853 3084 1046 3156 uoluntatis.
1076 3080 1147 3158 Ubi
1160 3104 1248 3176 pox,

203 3182 252 3257 ibi
262 3183 427 3281 requies,
450 3185 497 3258 ibi
519 3182 597 3259 finis
623 3183 838 3282 appetendi,
861 3185 897 3258 δι
920 3182 1015 3261 nulla
1034 3181 1133 3258 causa
1154 3182 1255 3257 labo·

203 3277 410 3355 randi.'Sed
434 3280 511 3357 haec
534 3283 721 3369 voluntas,
744 3299 785 3361 ut
803 3285 908 3380 plena
930 3281 993 3365 fit,
1020 3297 1192 3378 oportet,
1216 3296 1257 3357 ut

205 3378 284 3455 sana
301 3376 353 3452 fit.
381 3378 456 3456 Erit
475 3399 594 3458 autern
613 3382 709 3467 sana,
733 3382 757 3458 fi
775 3382 960 3461 Medicum
984 3406 1059 3457 non
1080 3380 1256 3475 refugiat,

208 3480 311 3571 cujus
337 3478 442 3557 solius
469 3485 578 3577 gratia
594 3481 702 3558 sanari
726 3485 843 3578 potell
869 3508 887 3559 a
913 3485 1044 3558 morbo
1068 3479 1259 3554 desiderio.

207 3601 288 3654 rum
309 3582 518 3659 noxiorum·
545 3580 620 3676 lpse
641 3582 690 3657 est
712 3605 803 3680 ergo
833 3581 1090 3679 medicus,qui
1108 3578 1256 3656 clamat:

210 3680 330 3752 Venite
356 3682 397 3748 ad
425 3703 474 3749 me
499 3704 606 3751 omnes
633 3723 644 3759 ,
669 3687 726 3776 qui
753 3677 924 3756 laboraris.
961 3679 1108 3757 Divitia
1134 3676 1159 3752 st
1183 3677 1260 3752 dili·

209 3794 346 3877 guntur
359 3802 379 3881 ,ᾗ
394 3781 441 3854 ibi
467 3779 645 3857 serventur
659 3784 741 3862 ,ubi
759 3785 872 3878 perire
894 3807 968 3857 uon
995 3778 1140 3877 possunt
1179 3774 1261 3860 Ho-

210 3903 300 3962 nor,
324 3878 350 3957 fi
373 3879 550 3975 diligitur,
571 3881 642 3956 illic
663 3880 851 3961 habeatur,
874 3883 933 3958 ubi
958 3903 1066 3955 nemo
1088 3878 1257 3973 indignus

209 3977 419 4056 honoratur.
445 3980 542 4057 Salus
566 3979 590 4058 fi
612 3980 788 4077 diligitur,
813 3983 860 4057 ibi
882 3978 1100 4077 adipiscenda
1124 3974 1260 4052 deside·

211 4098 329 4164 retur,
349 4083 410 4156 ubi
428 4082 553 4178 adepta
574 4078 662 4154 nihil
682 4083 838 4159 timetur.
861 4079 943 4157 Vita
961 4080 986 4157 fi
1007 4080 1187 4175 diligitur,
1209 4079 1259 4153 ibi

211 4184 433 4276 acquiratur,
447 4184 507 4256 ubi
526 4179 619 4257 nulla
631 4199 748 4254 morte
758 4177 880 4256 finitur
906 4237 927 4272 ,‚
942 4237 975 4271 „.
1003 4178 1098 4256 Proh
1114 4175 1255 4273 pudor!

211 4275 254 4357 ln
280 4287 334 4355 via
357 4277 428 4356 Dei
455 4278 635 4359 faciliora,
661 4280 697 4354 dr
722 4280 818 4356 utilia
842 4285 971 4379 ignara
992 4279 1182 4356 formidine
1201 4274 1258 4353 ft·

211 4383 382 4479 giuntur3
402 4383 439 4457 in
460 4383 516 4458 ria
533 4378 644 4458 saculi
667 4379 833 4475 duriora,
856 4382 893 4458 dr
915 4380 1037 4459 sterilia
1056 4371 1258 4456 aromnoso

448 4574 518 4605 ⁸.
593 4476 727 4601 Qut
1106 4474 1206 4561 uuo,

1269 3048 1341 3116 Lon
1364 3061 1392 3112 a.
