3250 5392
389 741 459 837 De
479 741 580 835 Fide
610 745 653 834 dt
671 735 893 860 Symbola,
1126 765 1210 984 rep
1337 767 1339 773 ·

154 926 216 993 tur
238 971 261 1008 ,‚
277 961 313 1008 „·
339 912 436 994 Hinc
461 916 615 1016 denique
638 921 671 989 d.
687 914 833 1011 August..
847 915 909 994 lib.
924 932 958 1004 3.
982 913 1021 984 de
1042 911 1187 1006 Baptism
1257 925 1259 928 ·

158 1034 285 1102 contra
306 1013 526 1093 Donatistas.
550 1039 626 1116 cap.
643 1039 697 1108 ¹7·
714 1023 784 1088 ait:
809 1071 832 1110 ,,
850 1013 916 1093 Pet
936 1015 1115 1092 orationes
1133 1010 1211 1090 lan·

100 1187 111 1199 ,
156 1165 179 1224 „
195 1115 332 1190 storum
344 1114 570 1213 spiritualium
584 1162 596 1197 ,
611 1112 675 1218 ¹qui
691 1115 771 1194 sunt
793 1120 830 1193 in
844 1111 1019 1193 Ecclesia,
1039 1129 1211 1214 tanquam

156 1268 179 1306 „
194 1212 1209 1313 percolnmbaecreberrimumgemitum,peccatasolviff
1248 1245 1252 1251 ·

157 1312 242 1392 Huc
266 1318 370 1390 etiam
396 1319 571 1415 pertinet,
592 1318 691 1416 quod
716 1315 809 1396 Gen·
826 1327 883 1400 18.
909 1315 1079 1412 legimus,
1107 1309 1210 1410 quod

155 1412 182 1489 fi
203 1413 371 1490 Sodomis
395 1417 519 1507 decem
540 1411 629 1512 Justt
648 1420 782 1495 inventi
803 1411 964 1508 suiffent,
1011 1427 1132 1511 rupter
1147 1426 1219 1488 eoa·
1270 1493 1277 1502 ,

154 1536 175 1589 a
199 1514 346 1590 delenda
370 1517 513 1592 civitate
535 1518 635 1597 Deus
657 1512 884 1595 abstinuisset.
911 1511 954 1591 Et
979 1436 1050 1613 5²¹·
1065 1529 1098 1607 5·
1125 1532 1213 1609 pro-

156 1617 267 1689 mittit
291 1611 482 1691 Dominus
496 1615 529 1691 se
549 1620 746 1714 propitium
769 1617 848 1693 sore
864 1611 1052 1712 Jerusalem
1071 1666 1082 1699 ,
1103 1610 1209 1689 dum·
1333 1624 1335 1630 '

158 1712 274 1788 modo
303 1738 394 1791 unus
419 1714 542 1815 aliquis
571 1718 623 1792 vir
641 1718 750 1814 jussus
771 1719 808 1792 iu
823 1731 875 1792 ‘ea
899 1713 1110 1813 reperiatur:
1135 1713 1212 1780 Cir·

154 1818 265 1900 ruite,
286 1816 425 1921 inquit,
444 1837 520 1886 vtas
536 1816 746 1909 Jerusalem,
765 1818 808 1889 d*
826 1811 981 1908 aspicire,
1007 1820 1048 1882 d*
1068 1806 1210 1900 confide·

154 1931 248 1998 rare,
268 1917 310 1985 (u
329 1919 463 2008 quaerire
482 1917 517 1987 in
533 1914 654 2010 plateis
671 1917 813 2009 ejuwm
835 1912 1016 1984 inveniatis
1027 1911 1138 1982 viram
1149 1905 1210 1998 fa.

154 2006 292 2083 cicnreln
310 2015 499 2104 judr'ct'urn,
525 2018 568 2091 (a
595 2037 789 2112 querentem
808 2009 937 2103 fidem,
969 2013 1012 2084 o*
1036 2012 1209 2107 propitius

156 2133 212 2183 370
238 2135 281 2182 er·
403 2171 406 2177 .
479 2147 485 2157 “
1287 2142 1293 2174 l
1462 2172 1463 2177 ,

189 2211 320 2305 Ωυοά
349 2236 435 2290 vero
461 2235 538 2292 non
565 2211 748 2315 Jullomm
775 2227 942 2298 tantum,
973 2212 1035 2314 qui
1064 2210 1100 2287 in
1131 2208 1205 2288 hoc
1234 2212 1340 2313 Sardo
1521 2264 1526 2291 ,

154 2313 294 2390 mundo
311 2316 455 2400 vivunt,
475 2314 533 2391 sed
548 2340 675 2394 eorum
689 2319 794 2391 etiarn
809 2317 987 2394 maxime,
1006 2313 1069 2410 qui
1086 2310 1130 2387 ad
1152 2313 1202 2386 ri·
1230 2295 1406 2390 ¹¹⁰l¹¹⁸⁰⁰¹s

154 2426 227 2487 tam
249 2416 445 2510 migrarunt
465 2415 685 2500 feliciorem,
709 2416 813 2491 nobis
839 2416 1017 2489 orationes
1047 2412 1203 2507 patroci·
1231 2373 1409 2511 gfff&

153 2529 305 2596 nentur,
332 2515 368 2586 dt
394 2516 516 2588 merita
538 2511 792 2610 suffragentur,
818 2509 989 2607 fignificat
1008 2509 1201 2598 Dominus,
1231 2526 1407 2589 eroum-mi·

152 2606 243 2686 lsaiae
263 2633 410 2710 cap.37.
437 2611 574 2690 dicens:
595 2620 768 2706 Protegam
778 2615 954 2682 civitatem
969 2606 1061 2690 risam
1068 2626 1203 2704 propter
1236 2613 1388 2692 piarunt,

155 2733 229 2795 me,
256 2714 298 2780 (m
325 2729 459 2802 propter
490 2715 605 2784 David
626 2714 760 2798 servum
784 2733 899 2785 arreum,
926 2711 1069 2805 Quibus
1091 2711 1202 2786 verbis
1232 2691 1378 2817 {mg

143 2806 237 2885 =Rex
261 2806 427 2887 Ezechias
447 2811 686 2891 admonetur,
712 2811 813 2912 quod
838 2863 861 2902 „
882 2808 1086 2889 intantum
1106 2809 1204 2905 justi·
1235 2831 1320 2892 nobis
1346 2827 1405 2892 suc

153 2959 176 3001 „
191 2912 275 2985 tiam
294 2910 416 3006 diligat
438 2908 619 2990 Deumut
631 2913 737 2989 etiam
750 2911 911 3011 posteros
923 2909 1119 2987 landarum
1136 2910 1203 2988 ho-
1235 2907 1392 2987 mmm·

154 3013 358 3100 „minum,
387 3033 462 3086 non
490 3011 554 3090 suo
580 3015 738 3099 metito,
770 3010 828 3087 sed
858 3009 1041 3103 Malorum
1073 3011 1205 3088 virtute
1238 3020 1240 3024 ’

153 3159 175 3199 ,,
191 3124 310 3186 tuetur
332 3156 365 3199 ‚‚.
401 3111 538 3206 (inquit
565 3116 597 3182 S.
615 3111 836 3198 Hieronymus
860 3112 898 3184 in
921 3113 1018 3186 hunc
1035 3109 1203 3197 locum.)

155 3207 261 3282 Un'de
282 3212 308 3278 S
329 3208 463 3302 Argus.
492 3227 652 3312 qu.149.
677 3215 714 3288 in
736 3206 912 3290 Exodum‘
926 3208 1108 3309 explicans
1125 3208 1204 3288 haec
1284 3244 1286 3249 ·

153 3311 260 3384 verba
289 3307 439 3385 Domini
463 3311 507 3386 ad
536 3309 688 3412 Moysen
702 3335 718 3408 ;λ
733 3317 811 3382 Sine
833 3331 905 3396 me,
927 3314 971 3381 d·
994 3310 1104 3380 iratus
1126 3334 1202 3382 roa·
1221 3309 1316 3380 End
1331 3323 1395 3394 aaa

152 3425 259 3477 teram
283 3432 361 3501 eos;
387 3406 505 3487 aitstc
529 3410 693 3490 locutum
719 3404 786 3487 effe
813 3406 965 3515 Deum:
986 3465 1010 3500 „
1026 3464 1049 3501 „
1078 3404 1131 3488 Ut
1155 3432 1204 3488 eo
1388 3413 1392 3422 ⁴

153 3508 269 3582 modo
297 3507 600 3593 admoneremur,
626 3533 712 3588 cum
742 3513 867 3586 merita
894 3508 1012 3586 nostra
1034 3533 1101 3585 nos
1124 3533 1207 3606 gra,

153 3623 264 3681 rant,
287 3628 333 3682 ne
353 3608 540 3704 diligamur
569 3635 587 3687 a
610 3605 717 3694 Deo,
753 3611 897 3686 relevari
916 3613 983 3684 nos
1002 3608 1097 3705 apud
1120 3614 1206 3689 eum

155 3704 298 3780 illorum
327 3710 458 3783 meritis
488 3707 613 3808 posse,
641 3734 734 3810 quus
759 3709 886 3807 diligit·
919 3706 1015 3784 Nam
1051 3732 1136 3785 cum
1160 3711 1207 3787 ab

156 3799 423 3899 Omnipotente
446 3807 575 3885 dicitur
594 3807 755 3887 homini:
780 3809 856 3882 Sr'ne
880 3832 954 3893 me,
974 3797 1018 3877 (a
1039 3827 1207 3879 conteram

154 3927 231 3988 eos,
257 3903 343 4000 quid
363 3903 457 3981 aliud
476 3907 624 3995 dicitur,
648 3930 758 4008 quam
789 3919 1013 3985 contererem
1031 3929 1115 3992 eos,
1140 3905 1206 3986 nisi

153 4003 385 4100 diligerentur
407 4008 467 4081 abs
494 4023 528 4082 te
552 4057 575 4100 „
589 4006 642 4100 „i
665 4011 711 4078 Et
730 4003 789 4076 lib.
803 4024 866 4088 20,
892 4011 1016 4075 contra
1039 4002 1203 4097 Faustum,

154 4122 301 4201 capas.
329 4104 400 4178 ait:
427 4161 450 4196 ,‚
473 4102 629 4202 Populus
668 4106 873 4183 christianus
894 4107 1084 4197 memorias
1107 4100 1206 4184 Mari

152 4254 176 4296 ,‚
193 4221 314 4300 tyrum
334 4201 492 4300 religiosa
513 4205 732 4283 solemnitate
751 4206 998 4292 concelebrat,
1021 4205 1119 4293 &ad
1138 4229 1203 4285 ex·

153 4358 177 4395 „
195 4303 371 4379 citandam
394 4307 657 4392 imitationem,
682 4307 718 4383 dr
739 4323 780 4383 nt
806 4309 939 4382 meritis
961 4326 1090 4383 eorum
1113 4329 1203 4385 corr·
1284 4342 1286 4349 ¹

152 4402 365 4495 ,socierum
394 4420 500 4504 atque
526 4407 747 4482 orationibus
773 4407 960 4499 adjuvetur
981 4448 1018 4496 „.
1171 4476 1173 4481 ,
1233 4404 1415 4519 omnm

205 4497 268 4576 Vl,
294 4499 433 4579 Omnes
465 4528 576 4598 porro
603 4500 737 4583 Fideles
762 4507 1030 4585 communionis
1049 4503 1201 4583 'Sando-
1229 4524 1309 4589 detes
1337 4528 1405 4596 snos
1537 4538 1541 4544 ·

151 4616 234 4676 rum
258 4603 442 4713 participes
463 4603 564 4686 sunt,
583 4628 660 4682 non
690 4621 809 4684 tamen
829 4607 1029 4702 aqualiter,
1050 4604 1107 4682 sed
1132 4629 1200 4704 pro
1234 4603 1395 4736 participe·

152 4697 237 4778 sidei
254 4708 346 4789 lnae,
364 4700 611 4806 charitatisque
626 4705 797 4793 mensura.
822 4703 991 4787 Frustum
1012 4723 1108 4882 cherte
1127 4730 1198 4783 am·
1219 4695 1410 4826 nisu-sitin&

999 4827 1156 4903 potem
1232 4845 1311 4904 run,
