3250 5392
381 776 893 896 DeFide,&Symb010.‘
962 738 976 759 ‘
1054 781 1067 855 f
1120 757 1202 886 '2'92

96 914 99 999 l
148 948 322 1030 nauem
335 948 548 1025 &adduxit
563 973 634 1023 ram
658 953 701 1024 ad
726 952 848 1029 Arm.
886 947 965 1028 Ubi
979 940 1054 1027 Eva
1074 929 1205 1021 Mulier
1319 932 1322 947 '

96 1074 99 1085 ·
149 1051 373 1153 appellatur.
387 1052 601 1149 priusquam
617 1051 756 1131 Adamo
772 1052 981 1136 traderetur.
1008 1045 1142 1141 Probat
1164 1050 1203 1129 dt
1288 1109 1291 1117 .

150 1176 199 1231 ex
216 1150 388 1230 Gabrielis
402 1142 615 1250 Archangeli
635 1152 853 1231 Salutatioue
864 1176 876 1247 ;
901 1174 984 1227 nam
1000 1171 1086 1228 cum
1109 1170 1203 1253 conf

150 1261 299 1350 ceptum
316 1248 439 1327 Mariae
450 1305 461 1338 ,
472 1253 508 1326 dr
521 1268 661 1348 parturn
675 1251 764 1329 salva
775 1253 977 1349 virginitate
986 1246 1200 1348 sponderet,

150 1357 201 1431 ait
218 1349 469 1428 nihilomiuus:
484 1349 659 1430 uenerem
674 1370 713 1422 ru
726 1354 761 1420 in
776 1346 979 1422 mutieribus.

201 1447 248 1530 ΙΙ.
274 1452 413 1521 Beatam
436 1454 586 1523 Marium
616 1453 654 1530 iu
671 1466 774 1550 partu
784 1447 975 1550 Virginem
992 1442 1093 1526 iuiffe
1100 1436 1202 1549 {hoo
1231 1435 1290 1576 DE:
1309 1435 1405 1576 ἔξω·

152 1550 762 1652 est.intemeratavirginitate,inte
790 1575 831 1628 ro
842 1550 1050 1649 virginitatis
1059 1544 1199 1646 flgitio,
1239 1529 1435 1667 vffssgoass'

152 1653 245 1730 uteri
262 1647 511 1748 septiminus,
527 1652 564 1728 &
587 1654 728 1751 irruptis
779 1651 924 1729 hristum
949 1648 1071 1727 Deum
1093 1670 1204 1748 pepe-
1237 1678 1333 1750 pasus

151 1746 538 1828 riffesexTraditione
560 1749 704 1831 Pattum
730 1755 895 1828 omnium
919 1749 1097 1827 sonitanti
1113 1771 1203 1825 con·

150 1846 419 1936 sensufirmata.
434 1847 582 1930 Eccleiia
595 1851 779 1930 Catholica
802 1849 1002 1945 profitetur.
1030 1846 1205 1941 Quomo-

109 1950 204 2029 -do
221 1950 330 2044 igitur
343 1949 464 2048 postea
482 1974 528 2026 ex
551 1950 739 2046 sepulchro
766 1949 883 2030 clauso
905 2001 915 2032 ‚
944 1951 980 2025 dc
1010 1944 1202 2046 obsignato

151 2046 305 2145 egteffus
320 2050 387 2135 est,
400 2067 509 2149 atque
527 2050 573 2125 'ad
592 2049 796 2149 Discipulos
814 2048 936 2129 clauiis
952 2049 1065 2142 januis
1091 2052 1203 2125 intra.

151 2155 230 2235 vit,
246 2146 292 2223 fic
307 2171 352 2224 ex
375 2149 457 2225 alvo
476 2164 633 2226 materna
658 2148 730 2228 fine
748 2153 821 2228 ullo
839 2168 1006 2229 materna
1019 2149 1203 2246 virginita-

151 2252 199 2327 tis
215 2249 432 2329 detrimento
449 2248 564 2327 editus
581 2246 735 2348 estJesus
750 2249 922 2330 Christus.
950 2247 993 2326 Et
1007 2245 1201 2348 quomodo

150 2346 246 2425 Solis
262 2346 347 2424 radii
361 2367 568 2426 concretam
583 2353 662 2427 vitri
676 2350 897 2429 substantiam
914 2362 1125 2448 penetrant,
1140 2370 1205 2423 ne·

150 2470 225 2546 que
239 2445 407 2544 frangunt
421 2463 539 2528 tamen
553 2497 563 2527 ‚
579 2466 641 2527 aut
663 2449 777 2551 aliqua
801 2465 963 2547 exparte
988 2445 1204 2533 laedunnfic

150 2549 191 2623 dr
203 2601 214 2635 ,
228 2546 343 2624 aitiori
361 2563 479 2625 tamen
494 2551 619 2626 modo,
635 2549 793 2629 Christus
804 2555 1015 2626 intemerato
1026 2547 1125 2646 septo
1137 2570 1205 2646 pu·
1338 2577 1340 2580 ’

149 2645 494 2730 dorisdainviolatis
509 2653 717 2746 integritatis
727 2649 923 2747 figmentis,
936 2648 1097 2746 virginali
1109 2646 1203 2723 fusus
1237 2737 1239 2744 Ι

151 2747 205 2825 est
217 2760 332 2844 partu·
359 2746 475 2848 Quod
487 2752 630 2849 quidem
646 2750 798 2846 Spiritus
810 2749 911 2825 santii
930 2753 1060 2824 virtute
1075 2744 1203 2833 effetiri

148 2846 214 2932 est,
228 2848 340 2942 quiin
357 2845 434 2924 Filii
445 2848 716 2947 Conceptione,
730 2853 766 2925 de
777 2866 879 2948 partu
893 2849 998 2924 Matri
1009 2851 1055 2923 ita
1068 2846 1199 2933 adfuit,

150 2962 195 3025 ut
206 2951 237 3022 ei
250 2947 286 3022 dr
301 2947 574 3026 foecunditatem
593 2948 753 3037 dederit,
769 2952 804 3025 δι
824 2962 1033 3046 perpetuam
1057 2947 1202 3042 virgini·

149 3061 267 3124 tatem
281 3046 549 3129 conserva-vens
576 3048 683 3126 Unde
695 3055 727 3122 S.
741 3045 874 3142 August.
890 3046 995 3146 Epist·
1015 3067 1095 3137 ¹37·
1117 3044 1199 3123 aliar

149 3166 188 3239 3.
204 3148 248 3222 ud
265 3144 495 3235 Vostfimnm,
522 3153 591 3225 ait:
611 3206 663 3241 ‚‚„
693 3146 768 3247 Ipsa
795 3150 904 3224 virtus
931 3170 993 3243 ptr
1021 3143 1200 3221 inviolato

148 3245 280 3323 Matris
295 3248 450 3344 virginea
470 3248 597 3329 viscera
613 3253 771 3326 membra
794 3249 935 3327 infantis
958 3244 1104 3324 eduxit,
1147 3268 1201 3321 uae

149 3346 348 3446 posteaper
361 3348 737 3427 clausaostiamembra
748 3352 886 3446 juvenis
899 3347 1112 3423 introduxit.
1166 3349 1199 3423 io

148 3445 281 3522 fitatio
296 3449 462 3549 quaeritur
475 3495 486 3529 s
499 3473 572 3524 non
585 3453 651 3525 erit
661 3450 818 3526 mirabile
839 3444 1110 3544 :fiexempium
1130 3467 1200 3540 po.

148 3545 257 3622 icitur
271 3593 281 3624 ,
295 3571 371 3623 non
383 3551 449 3624 erit
460 3547 644 3645 singulare.
662 3547 823 3635 Demus,
837 3547 957 3625 Deum
975 3543 1199 3649 aliquidpoi·

147 3645 318 3742 se‚quod
332 3670 398 3723 nos
409 3647 580 3726 fateamur
596 3650 803 3745 investigare
818 3672 893 3726 uon
914 3643 1025 3746 poiie.
1052 3646 1092 3720 ln
1121 3645 1199 3721 taii·

148 3745 217 3823 bur
230 3748 333 3824 rebus
345 3762 422 3823 tota
436 3750 526 3824 ratio
544 3748 622 3825 faoi
645 3749 692 3825 est
706 3753 864 3846 potentia
889 3748 1047 3822 facientis
1064 3800 1130 3843 ‚‚„.
1157 3743 1197 3827 S.

148 3842 314 3944 Fuigent·
329 3846 386 3924 lib.
408 3870 439 3922 1·
454 3842 515 3925 De
531 3852 676 3926 veritate
694 3847 1031 3928 Praedestinationis.
1050 3845 1087 3920 aa
1106 3844 1198 3924 Gra·

148 3947 311 4046 tiamap.
333 3969 388 4020 11.
413 4005 469 4041 ‚‚„
497 3946 680 4025 Dominus
704 3973 816 4027 'verus
843 3971 961 4023 veram
986 3969 1032 4021 ex
1044 3943 1197 4044 Virgine

147 4044 335 4144 suscipiens
348 4071 490 4124 carnem
503 4103 512 4135 ‚
527 4049 563 4124 da
576 4044 830 4146 perfert-ionem
849 4070 894 4122 ea
906 4071 945 4123 ea
956 4046 1102 4122 humani
1117 4067 1199 4120 cor·

148 4147 248 4245 poris
258 4145 402 4243 sumpsit
417 4204 427 4234 ‚
441 4150 648 4247 virginitatis
660 4153 689 4223 ei
702 4151 848 4244 gratiam
862 4171 937 4223 non
951 4145 1094 4226 ademit.
1124 4143 1201 4222 Ne·

148 4268 221 4343 que
237 4249 331 4324 enim
343 4247 491 4326 decebat
502 4305 513 4335 ‚
526 4265 566 4326 ut
579 4252 819 4345 integritatem
829 4249 1037 4344 virginitatis
1048 4243 1199 4323 Creator

147 4342 315 4424 humanae
329 4353 441 4425 carnis
456 4348 638 4427 Dominus
663 4352 700 4424 in
726 4347 938 4424 conditione
952 4347 1142 4428 tribueret,
1160 4345 1199 4421 de

147 4446 245 4524 idem
262 4449 372 4524 carnis
391 4446 555 4528 humanae
571 4448 750 4545 susceptor
763 4446 945 4525 Dominus
958 4496 968 4529 ‚
980 4446 1082 4544 quod
1107 4445 1201 4520 fecen

145 4563 225 4629 rat,
241 4548 514 4646 redempturus,
531 4544 781 4646 Virginitatem
796 4550 913 4629 carui,
929 4548 972 4621 de
981 4571 1053 4722 §aa
1083 4546 1200 4629 nasce·

146 4647 272 4734 batur,
287 4647 438 4728 auferret
465 4694 532 4741 ‚‚„·
559 4643 603 4727 Et
620 4654 653 4718 S.
671 4652 739 4719 Leo
763 4647 836 4724 Ser·
859 4664 901 4738 2„
918 4650 953 4722 in
1019 4662 1062 4722 at.
1083 4643 1197 4722 Dom.

146 4801 204 4844 ‚‚„
227 4745 355 4836 Noua,
368 4750 499 4850 inquit,
520 4750 703 4931 natavitate
714 4751 857 4852 genitus
877 4747 926 4830 est
938 4741 956 4835 a*
970 4761 1199 4924 οοηοῧῃυη

654 4867 672 4947 3
1100 4869 1145 4923 rr,
1175 4862 1183 4874 ·
