3250 5392
419 402 488 505 De
507 402 691 513 frama
715 400 932 521 Symbola.
1145 412 1224 511 ,σοι

185 574 412 667 beatitudinis
431 585 590 656 naturam
608 581 778 677 pertinet;
795 581 943 661 alterum
961 574 1067 676 ipsam
1086 577 1237 663 beatitu·
1296 636 1302 655 .

188 684 309 757 dinem
325 679 564 778 consequitur,
592 678 651 757 lisa
668 677 869 767 essentialia.
886 679 961 757 haec
977 676 1160 762 accessoria
1175 679 1240 752 bo-

189 804 234 867 pa
247 779 476 875 appellarunt.
505 778 701 857 Accessoria
717 781 796 857 sunt
806 780 998 879 gaudium,
1018 778 1154 876 gloria,
1171 775 1242 862 ho,
1393 776 1403 843 s

187 904 278 964 nor,
300 902 389 974 pax,
411 883 674 966 immortalitas,
695 880 852 967 claritas,
875 881 1021 1054 aiiaefflue
1040 880 1142 953 dotes
1158 897 1241 952 cor·

188 981 296 1077 poris.
330 975 511 1061 Effentiaie
531 1004 616 1055 vero
643 983 806 1069 bonum,
830 980 939 1064 sivee
969 977 1101 1057 entiaiis
1129 977 1253 1053 beati?

188 1080 306 1169 tudo,
333 1095 372 1155 ut
396 1080 594 1175 loquuntur
621 1079 806 1179 Theologi
824 1085 895 1181 ‚Uin
926 1076 997 1156 Dei
1020 1075 1180 1158 vidone,
1201 1077 1238 1150 dc

189 1175 399 1276 poiseifione
415 1177 475 1255 fita
489 1180 547 1255 est.
579 1184 658 1252 Haec
677 1179 721 1261 ed
738 1189 814 1264 uita
836 1199 954 1251 aterna
972 1181 1118 1281 (inquit
1137 1174 1234 1257 Chri·
1254 1167 1338 1244 1⁰⁸⁰·
1352 1185 1395 1251 ¹7·

190 1272 290 1369 stus)
314 1297 352 1347 ut
373 1277 558 1372 cognoscant
582 1299 640 1364 te,
658 1280 760 1367 solum
783 1284 893 1361 Deum
920 1302 1059 1365 verum,
1082 1290 1120 1346 m
1145 1299 1238 1372 quem
1409 1338 1411 1345 .

190 1376 305 1463 matitia·
325 1378 444 1467 ,iesum
462 1375 634 1465 arrestum,
663 1380 785 1476 Quam
805 1381 1012 1466 sententiam
1032 1377 1067 1454 S.
1081 1373 1240 1487 Joannes
1257 1387 1283 1445 ⁸2
1299 1368 1382 1449 1⁰⁸³·
1408 1385 1435 1451 t·

190 1479 411 1575 interpretari
426 1480 582 1569 videtur,
604 1478 691 1558 cum'
706 1486 772 1560 aitt
796 1480 983 1575 chanffim·
994 1502 1075 1548 nunc
1087 1473 1156 1564 titii
1174 1481 1241 1547 un·

187 1576 323 1672 furnus,
342 1583 384 1650 (φ
403 1586 539 1650 arandum
556 1587 730 1674 apparuit,
751 1584 829 1671 quid
846 1584 967 1655 crimus
979 1626 989 1656 ,
1003 1577 1144 1666 scimur,
1165 1598 1244 1670 quo.

193 1682 282 1749 niam
305 1702 376 1747 cuna
393 1684 599 1773 apparuerit,
614 1678 739 1768 fimiies
759 1688 792 1752 ei
812 1682 955 1769 erimus,
975 1681 1126 1774 quoniam
1149 1680 1244 1753 vide·

191 1773 298 1858 dimus
320 1802 391 1849 eum
406 1776 504 1867 ficati
522 1777 575 1866 asi,
601 1766 786 1880 Significa't
804 1784 899 1860 enim
920 1779 1173 1862 beatitudinem
1198 1799 1245 1856 ex

193 1879 235 1965 iis
259 1879 399 1955 duobus
421 1881 604 1976 constare;
627 1900 705 1959 turn
731 1884 832 1980 quod
859 1880 981 1959 Deum
1001 1880 1242 1971 intuebimur,
1292 1942 1294 1947 .

195 1977 308 2074 qrralis
329 1982 363 2052 in
383 1996 504 2065 natura
524 1980 603 2066 sua,
626 2006 667 2058 ac
681 1982 866 2061 substantia
890 1981 960 2057 est,
980 1997 1058 2055 turn
1073 1979 1173 2079 quod
1193 1978 1247 2063 di·

194 2084 287 2153 vinee
308 2076 458 2159 essentia
480 2081 608 2180 absque
630 2082 703 2159 uiio
731 2082 853 2157 medio
875 2080 1084 2174 conjuncti,
1106 2071 1247 2165 annr·

194 2199 282 2265 mcs,
303 2196 341 2255 ut
356 2177 515 2277 loquitur
531 2176 564 2246 S.
577 2180 758 2267 Thomas,
777 2182 810 2259 id
830 2180 899 2263 est,
919 2179 1027 2255 veluti
1043 2175 1104 2253 Dii
1118 2171 1247 2259 efficie-

192 2302 286 2359 mur.
314 2278 632 2369 Quemadmodum
648 2284 741 2356 enim
756 2280 887 2357 serrum
903 2281 977 2373 igni
993 2277 1181 2366 admotum
1199 2277 1247 2355 ita

196 2378 320 2473 ignem
342 2380 519 2473 concipit.
544 2396 720 2463 utrorum
746 2381 838 2475 ignis
859 2379 1038 2462 videatur,
1060 2378 1189 2453 i'ervata
1207 2373 1251 2449 ii·

198 2490 257 2563 cet
270 2481 414 2574 propria
428 2478 630 2572 substantia;
651 2478 697 2555 sac
712 2504 811 2555 mens
823 2478 1000 2574 angelica,
1024 2475 1246 2562 &humana¹

167 2588 170 2593 ’
198 2573 321 2652 Deum
346 2593 385 2651 ut
405 2581 443 2651 in
464 2578 497 2653 se
519 2579 567 2657 eit
589 2580 767 2666 videntes,
781 2581 826 2654 ita
840 2577 983 2655 Deitate
1000 2590 1226 2675 permeantur
1239 2622 1251 2659 2

200 2697 242 2765 ac
272 2672 513 2770 possidentur,
533 2683 581 2754 ita
606 2703 730 2755 amore
760 2680 883 2755 divino
904 2677 1187 2761 inflammantur,
1211 2688 1252 2751 ut

202 2778 362 2872 quamvis
378 2801 497 2855 earum
518 2795 641 2854 natura
660 2779 811 2856 servetur
827 2778 1037 2859 incolumis,
1056 2773 1141 2850 nihil
1157 2772 1252 2851 aliud

202 2896 310 2972 param
336 2871 433 2953 Deus
455 2875 521 2953 eise
536 2879 730 2954 videantur.
757 2877 864 2954 Unda
882 2885 915 2946 S.
930 2880 1030 2970 Greg.
1046 2877 1256 2948 Naanno·
1327 2910 1329 2917 ·

203 2999 261 3043 nur
289 2974 463 3052 Oratione
480 2998 532 3071 ¹5·
550 2978 595 3052 de
610 2977 722 3054 cledis
734 2978 886 3076 loquens
902 2980 968 3053 ait:
997 3031 1050 3068 ,‚„
1076 2971 1160 3051 iilos
1175 2975 1255 3073 qui·

203 3073 285 3161 dent
299 3075 363 3151 iux
383 3079 483 3153 omni
506 3076 666 3153 sermone
680 3079 899 3174 praestantior
918 3080 1094 3174 excipiet,
1114 3075 1150 3149 dr
1169 3076 1256 3150 San·

205 3175 290 3260 sie,
315 3180 491 3272 regiaeque
513 3176 714 3255 Trinitatis,
736 3185 832 3275 prius
855 3180 949 3273 jam,
974 3178 1010 3252 &
1030 3177 1154 3251 clarius
1177 3175 1256 3249 iiiu-

204 3276 400 3359 minantis,
430 3294 618 3376 totamque
640 3277 674 3353 se
697 3301 780 3353 cum
809 3292 884 3353 tota
910 3290 1029 3352 mente
1053 3274 1254 3352 miscentis,

207 3374 486 3471 contemplatio.
507 3380 623 3474 inqua
646 3401 717 3472 ego
730 3377 783 3451 vei
800 3375 870 3453 sola
884 3374 1053 3472 Regnum
1074 3376 1254 3451 coelorum

206 3475 360 3557 proxima
382 3497 428 3547 ex
448 3491 546 3571 parte
567 3474 720 3571 positum
738 3474 805 3552 esse
828 3477 953 3551 censeo
979 3531 1001 3567 „
1015 3522 1051 3566 „.

257 3568 445 3647 Summum
460 3581 615 3658 bonum,
628 3580 915 3672 praemiumque,
955 3576 1026 3650 uod
1041 3570 1138 3668 justis
1152 3575 1188 3648 in
1203 3564 1253 3646 sa·

207 3671 274 3749 cris
296 3672 430 3748 Litteris
445 3676 682 3772 promittitur,
704 3673 803 3751 Visro
822 3674 889 3752 Dei
910 3599 968 3751 ed.
996 3670 1147 3743 satiabor
1168 3672 1253 3760 (in-
1268 3653 1369 3720 ΡΜ*
1403 3660 1449 3719 “·

208 3774 288 3868 quit
305 3770 507 3866 Propheta)
533 3798 604 3843 cum
618 3778 807 3866 apparuerit
819 3776 929 3869 gioria
943 3792 1055 3856 tuam
1087 3771 1253 3864 Adimple.
1272 3753 1316 3810 ¹⁵⁶
1331 3753 1377 3813 ’ς’
1391 3741 1439 3809 ⁸³⁹
1472 3819 1474 3824 -

207 3866 257 3939 bes
282 3895 331 3941 me
347 3870 465 3942 letitia
489 3898 560 3944 cum
586 3874 683 3943 vultu
704 3895 814 3949 tuo...
844 3877 883 3945 In
904 3875 1026 3944 iumine
1044 3892 1101 3942 tuo
1128 3865 1254 3942 videbi.
1278 3876 1283 3898 “

208 3993 278 4040 mus
300 3971 460 4043 iumen...
488 3970 662 4045 Virtehr'tur
686 3977 779 4045 Deus
801 3979 948 4044 Deorum
967 3976 1002 4043 in
1023 3976 1111 4042 Sion.
1156 3970 1256 4044 Beati
1420 4055 1422 4059 Ι

209 4079 327 4141 mm
341 4080 434 4143 Μ’
459 4077 601 4175 (inquit
620 4074 777 4153 Christus
788 4084 803 4154 )
830 4077 980 4169 quoniam
994 4070 1052 4164 spfi
1072 4076 1180 4143 Deum
1197 4073 1254 4140 ω’-
1282 4026 1391 4176 ξιξῗ
1424 4044 1449 4099 ς’

209 4168 377 4243 tabum...
406 4175 522 4267 Angrie'
544 4199 654 4244 eornm
676 4200 710 4245 tn
729 4177 814 4244 coiis
832 4173 954 4267 simper
977 4176 1112 4249 vident,
1130 4170 1252 4263 fatiem

209 4275 325 4341 Patris
356 4276 431 4351 nei,
468 4274 551 4369 ,Qi
577 4276 689 4367 diligit
711 4298 783 4356 me,
813 4279 971 4368 ‹iiirgetur
995 4299 1014 4342 a
1037 4281 1134 4343 Patre
1157 4296 1248 4357 meo,
1268 4280 1351 4357 Jnm.
1370 4297 1415 4351 14.

211 4375 254 4445 Φ
276 4394 332 4467 ego
358 4374 492 4468 diir'gpm
513 4399 585 4445 enm
599 4426 609 4460 ,
635 4379 678 4445 (a
702 4372 908 4462 manifestabo
937 4375 971 4449 εἰ
991 4369 1155 4468 meipsum.
1205 4367 1250 4457 Et

637 4471 759 4577 Ppr
834 4533 837 4545 .
1101 4480 1201 4571 ripe.
