3250 5392
357 755 567 868 Doride,
589 752 873 887 &Symboln
1097 782 1177 866 137

171 931 281 1009 etiam
303 930 453 1013 renatis,
469 927 642 1015 aciandiis
655 927 790 1043 semper
804 924 1175 1028 elieimplorarrdnm,
1275 996 1279 1009 ,

170 1045 214 1108 ut
235 1027 400 1109 adfinem
423 1028 775 1125 honumpervenire›
790 1028 846 1107 vel
867 1031 902 1112 in
925 1028 1027 1106 bono
1041 1022 1179 1124 ,poll'rot

177 1152 289 1227 opere
337 1130 501 1205 erdurare
526 1176 565 1216 ,,.
591 1126 797 1207 Concilium
822 1128 976 1227 denique
1001 1120 1180 1207 Tridenti·

165 1253 224 1315 um
239 1226 284 1306 Se
325 1250 397 1306 one
415 1223 553 1314 §.Cen
577 1245 636 1312 22·
660 1227 892 1315 inathemate
914 1226 1073 1325 percellit
1091 1248 1178 1317 eos,
1357 1312 1360 1325 ,

165 1331 198 1405 ui
220 1327 397 1409 dixerint:
412 1369 438 1404 η
455 1324 653 1415 Hominem
666 1327 890 1421 iustificatum
904 1375 915 1413 ,
930 1325 986 1403 vel
1011 1324 1083 1415 fine
1105 1324 1182 1503 iff-
1287 1330 1309 1345 ”
1347 1334 1349 1341 ’

175 1427 255 1505 ciali
264 1425 398 1514 auxilio
411 1423 482 1505 Dei
501 1428 538 1502 in
550 1447 693 1529 accepta
703 1427 830 1524 justitia
842 1423 1055 1527 perseverare
1066 1447 1117 1527 po
1145 1449 1179 1515 e,

169 1526 226 1603 rel
247 1549 332 1609 cum
353 1550 398 1604 eo
413 1550 490 1605 non
501 1523 600 1625 polle
610 1583 644 1618 ‚‚‚
673 1524 784 1625 Igitur
808 1531 967 1622 Magnam
983 1528 1066 1597 illud
1084 1524 1181 1625 usqae

165 1620 289 1712 ifioem
303 1632 551 1720 perlroerontiae
584 1630 731 1717 donem,
762 1626 864 1735 quod
890 1648 1001 1703 nemo
1023 1624 1056 1703 se
1079 1642 1181 1712 certo

165 1727 345 1813 abiturum
361 1723 505 1811 absoluto
524 1729 566 1799 d·
588 1722 756 1815 infallibili
777 1729 974 1799 certitudine
1004 1721 1102 1811 nolle
1116 1748 1183 1825 pov

165 1825 228 1911 li,
245 1822 372 1923 abl'que
383 1823 519 1936 speciali
531 1826 746 1913 revelatione
756 1826 948 1909 ‚uteedem
962 1825 1054 1908 sacra
1066 1826 1183 1927 Syno-

165 1948 203 1999 us
225 1923 334 2002 docet
361 1922 512 2005 Canone
538 1934 591 2006 16,
617 1924 742 2005 aDeo
771 1931 972 2015 continuis.
1004 1920 1185 2013 ferventis·
1256 1968 1259 1975 ν

165 2026 302 2131 misque
332 2028 496 2122 precibus
519 2025 738 2126 postulemus
759 2051 771 2121 ;
798 2029 882 2125 quia
902 2025 970 2115 etii
988 2024 1075 2111 illud
1106 2046 1183 2110 nou

165 2118 308 2209 odimus
321 2122 479 2203 absolute
492 2127 708 2223 promereri,
728 2122 911 2225 poilumns
925 2145 1044 2206 tamen
1060 2123 1185 2221 suppli·

165 2226 223 2293 ier
239 2228 377 2294 mereri
389 2279 400 2310 ,
426 2225 500 2312 hoo
522 2225 595 2313 eil,
621 2223 804 2331 poliumus
830 2228 1029 2323 impetrato,
1060 2221 1184 2328 Deum¹
1228 2308 1232 2314 .

165 2345 305 2413 remus,
322 2338 362 2400 ut
381 2327 452 2395 Det
478 2320 570 2408 nobis
592 2323 854 2420 perseverantem
880 2329 916 2409 in
932 2327 994 2414 luo
1012 2323 1185 2399 voluntate

165 2427 352 2494 inaurant
375 2425 423 2497 Ut
431 2419 540 2509 faciat
560 2422 693 2515 nossetis
702 2424 832 2520 fr’mper
853 2420 981 2503 obedire
994 2427 1181 2507 mendacior

165 2518 190 2597 lt
209 2545 369 2618 nonquam
392 2548 451 2611 nos
469 2549 490 2592 o
498 2522 534 2611 se
553 2522 703 2616 soporari
722 2528 910 2618 permittor.
945 2522 1039 2603 Cum
1062 2539 1180 2610 metu,
1197 2556 1360 2635 Philippa·

165 2635 348 2700 :tremore
371 2624 514 2702 salutem
537 2625 694 2702 nostram
714 2648 918 2726 operemur.
959 2625 1035 2718 Qui
1050 2624 1083 2700 se
1110 2624 1183 2700 exi·
1199 2651 1223 2698 ι.
1237 2636 1304 2695 cor.
1321 2655 1364 2699 ιο.

165 2723 369 2809 imatliere,
385 2723 518 2810 videat,
536 2750 582 2801 ne
594 2725 708 2805 cadat.
735 2781 758 2817 „
775 2724 983 2802 Maneamus
998 2730 1032 2802 in
1046 2721 1147 2812 Chri·
1158 2778 1181 2817 ,‚
1196 2710 1280 2848 {mn-
1309 2725 1358 2848 ζ·

167 2843 214 2906 o,
231 2840 272 2900 ut
290 2840 429 2903 moneat
446 2823 604 2904 Christus
621 2832 656 2899 in
680 2826 797 2901 nobis·
822 2821 956 2907 Fideles
969 2823 1074 2910 limus
1093 2822 1190 2917 ers-„1
1222 2805 1288 2868 ΡΜ·

165 2942 209 3015 ue
228 2923 274 2999 ad
301 2940 479 3009 mortem,
508 2924 546 3000 to
579 2925 677 3001 dabit
703 2926 808 3000 nobis
851 2946 1027 3002 coronam
1050 2924 1137 3011 vitm
1156 2977 1181 3019 „

165 3018 249 3097 lulla
272 3026 337 3100 erit
369 3024 550 3100 excusatio
576 3024 720 3110 nostra,
749 3020 874 3109 iinon
883 3022 1183 3213 ferleveremusr

166 3123 335 3199 uianobis
347 3147 447 3210 vere,
461 3124 609 3209 dicitur,
626 3118 874 3211 Perseveram,
898 3121 1043 3210 evelles,
1057 3145 1181 3227 quam·

165 3222 191 3293 is
212 3221 306 3298 bona
325 3223 489 3304 voluntas
507 3246 554 3299 ex
581 3221 648 3304 Dei
675 3248 822 3302 munere
836 3220 897 3313 lit,
921 3246 1030 3324 aquo
1050 3244 1182 3319 prapa-

165 3336 247 3395 rtur·
273 3319 403 3401 Rarum
416 3322 572 3423 denique
587 3320 647 3406 fit,
661 3320 813 3401 Donum
823 3323 1086 3420 perseverantiae
1104 3344 1182 3403 nou

164 3423 263 3517 egati
277 3419 340 3497 nrfi
356 3424 405 3499 ob
429 3437 628 3520 peccatum.
655 3480 678 3515 ‚,
690 3421 833 3525 Qribus
844 3422 939 3501 deest
956 3423 1023 3505 tale
1040 3422 1183 3517 adjuto,

164 3521 238 3594 ium
262 3576 275 3612 ,
298 3543 405 3618 poena
431 3524 567 3619 peccati
598 3520 668 3607 est,
700 3578 722 3615 ‚,
747 3524 901 3620 (inquit
923 3530 955 3595 S·
984 3520 1184 3617 Augustinus

165 3619 222 3699 ib·
245 3622 284 3689 de
304 3626 533 3714 correptione,
558 3625 599 3692 &⁸
618 3628 760 3709 Gratia,
784 3624 874 3718 Cap,
903 3616 992 3707 11‚)
1012 3680 1033 3715 „
1047 3619 1184 3714 „Deus
1361 3706 1367 3715 .

165 3718 230 3790 uin
263 3717 322 3797 sua
352 3725 463 3817 gratia
491 3721 595 3798 iemel
616 3720 822 3817 justificatos
847 3744 924 3798 non
946 3723 1090 3806 delerit,
1122 3719 1183 3796 nisr
1200 3717 1380 3819 storin.

165 3819 300 3896 eiusab
321 3826 369 3896 eis
381 3821 577 3904 deseretur,
598 3822 684 3902 utS.
702 3822 915 3918 Augustinus
928 3819 1046 3918 pailim
1058 3820 1186 3914 docet3
1200 3797 1383 3957 ῗρξιῗξξ·

165 3915 337 3995 iConcil.
352 3919 603 3999 Tridentinum
620 3917 702 3997 Seis·
724 3917 760 3996 6.
785 3919 873 4020 Cap.
897 3942 952 3998 11.
967 3976 989 4019 „
1003 3918 1047 4008 Et
1062 3920 1184 4007 Deus,
1270 3944 1272 3948 ’
1369 3919 1383 3945 '

165 4013 205 4091 iii
229 4016 320 4095 illius
345 4024 467 4117 gratiae
490 4019 725 4106 defuerimus,
758 4018 847 4102 ficut
868 4024 983 4119 coepit
1008 4044 1100 4120 opus
1119 4024 1187 4097 bo·

165 4139 228 4193 um
242 4170 253 4200 .
268 4122 314 4194 ita
325 4117 481 4213 perficiet
493 4143 644 4217 operans
659 4119 767 4207 velle,
784 4122 820 4195 da
837 4119 1003 4217 perlicere
1020 4176 1043 4213 „
1055 4123 1185 4212 „.(in·
1316 4150 1319 4155 ·
1471 4210 1475 4225 Ι

166 4214 330 4294 nitidem
337 4217 541 4297 Concilium
555 4274 565 4306 .
580 4216 666 4316 Cap.
688 4237 746 4309 13.
761 4213 815 4311 l„
826 4217 1083 4306 Verumtamen
1095 4274 1106 4305 ,
1119 4220 1184 4318 qui

165 4315 392 4394 texistimont
414 4319 523 4396 stare,
552 4320 713 4404 videant,
736 4343 780 4394 ne
802 4319 957 4407 cadant,
986 4322 1125 4398 &cum
1141 4323 1184 4398 ti·.

165 4438 264 4504 rore,
289 4439 331 4493 ac
350 4434 506 4495 tremore
524 4415 669 4496 salutern
692 4417 789 4495 luam
811 4435 1005 4522 operentur
1027 4424 1063 4496 in
1084 4418 1185 4506 labo,

168 4518 259 4601 bus,
280 4518 316 4593 in
335 4516 483 4618 vigiliis,
500 4522 535 4594 in
553 4518 802 4617 eleemosynis,
833 4523 869 4594 in
883 4521 1124 4604 orationibus,
1145 4517 1184 4611 ἀ

165 4616 410 4704 blationibus,
451 4620 488 4694 in
522 4619 684 4713 jejuniis,
713 4621 749 4694 de
776 4618 953 4698 castitatet
981 4615 1185 4712 Formidine

165 4721 234 4795 uim
245 4715 401 4809 debent,
417 4715 583 4806 scientes.
595 4718 696 4895 Ἱυοά
708 4719 743 4795 in
757 4716 852 4817 spem
867 4719 1013 4821 glorio,
1032 4719 1068 4795 dt
1091 4739 1184 4811 non„

613 4906 615 4910 ,
648 4833 672 4924 5
1045 4817 1133 4909 duur
