3250 5392
98 179 108 485 Ι
505 179 510 469 Ι
1414 472 1416 479 ι

349 497 356 505 ι
855 499 857 505 .

802 570 805 579 r

548 588 553 595 ι

801 602 805 611 ι

392 770 460 870 De
479 766 603 878 Fide,
620 773 663 860 &
684 765 908 884 symbolo}
1117 795 1197 881 307
1263 904 1267 911 .

144 1002 172 1042 „
186 966 256 1030 no,
275 943 432 1020 maxime
456 943 559 1019 nobis
579 939 755 1020 humilitas
781 936 1067 1021 commendatur.
1091 938 1200 1024 Viam

146 1102 173 1141 ‚,
188 1048 284 1120 enirn
296 1045 402 1119 nobis
418 1042 504 1118 lecit
526 1066 598 1142 per
612 1041 867 1128 humilitatem,
896 1044 978 1142 quia
995 1065 1058 1138 pet
1080 1042 1200 1141 super.

146 1202 175 1240 ‚,
189 1147 281 1220 biam
293 1136 566 1220 recessetamusa
585 1140 691 1226 Deo,
708 1143 821 1218 redire
829 1140 873 1220 ad
885 1166 969 1221 eum
979 1140 1043 1218 nist
1056 1165 1118 1238 per
1128 1142 1199 1221 ltu·

146 1296 172 1340 „
186 1245 369 1319 militatem
387 1266 463 1318 uon
479 1258 684 1339 poteramus
695 1293 705 1326 ,
718 1240 764 1323 Et
773 1266 884 1344 quem
895 1245 1000 1320 uobis
1012 1265 1198 1342 propone-

147 1396 173 1438 „
186 1367 305 1421 remus
315 1343 358 1419 ad
372 1343 692 1425 imitandunr,non
705 1343 931 1423 habebamus.
957 1339 1198 1441 Omnisenim

147 1443 378 1538 „mortalitas
393 1443 752 1541 honrinumsuperbia
765 1459 954 1522 tumuerat·
979 1441 1199 1521 Etstexiste-

147 1596 173 1638 „
185 1559 238 1619 ret
248 1545 371 1642 aliquis
382 1542 522 1619 humilis
536 1546 585 1618 vir
599 1548 634 1619 in
646 1542 778 1640 spiritu,
791 1543 881 1621 ficut
891 1558 990 1622 erant
999 1541 1200 1640 prophetet

149 1640 452 1736 „&Patriarchae‚
464 1643 721 1740 dedignabatur
733 1669 847 1741 genus
860 1643 1058 1722 humanum
1071 1643 1199 1720 imitari
1397 1733 1401 1744 Ι

149 1793 174 1836 „
186 1742 338 1820 humiles
350 1741 527 1818 homiues.
557 1743 704 1837 Neergo
715 1749 946 1838 dedignaretur
955 1743 1048 1816 bomo
1064 1744 1199 1814 imitari
1216 1726 1319 1822 ,Idem
1340 1727 1396 1796 3⁰·

150 1844 310 1914 omnem
324 1845 489 1923 berritem,
501 1846 592 1914 Deus
597 1839 708 1933 falsus
719 1844 761 1926 est
773 1847 919 1932 lrumilis,
931 1865 969 1916 ur
976 1845 1032 1915 vel
1035 1841 1082 1932 fic
1085 1841 1201 1938 supcr-
1215 1805 1298 1874 ΜΗ·
1311 1817 1356 1881 ¹⁸·

149 1939 207 2014 bia
216 1945 347 2036 generis
368 1944 503 2016 huutani
523 1967 586 2014 non
606 1947 838 2038 dedignaretur
857 1942 948 2040 sequa
970 1942 1201 2039 vestigiaDet'·

149 2043 401 2137 Quamobrem
415 2039 578 2130 crubescat
594 2040 653 2134 effe
663 2043 940 2140 homosuperbur‚
958 2061 1094 2139 propter
1105 2065 1201 2140 quem

150 2138 285 2215 humilis
293 2141 401 2233 fusius
412 2141 455 2223 est
466 2148 570 2224 Deus.
584 2189 619 2226 a,
637 2200 659 2238 „
671 2203 692 2239 „
711 2147 764 2224 lld
776 2171 904 2244 magna
913 2154 981 2222 nus
994 2144 1173 2224 tendimus
1185 2200 1198 2233 ,

149 2265 256 2342 parra
268 2242 788 2342 capiamus,&magnierimus.
809 2245 874 2324 Vis
887 2269 1012 2344 capere
1025 2244 1201 2323 cellltudl·

148 2368 236 2419 nem
253 2343 347 2424 Dei?
361 2343 457 2442 Cape
472 2348 566 2439 prius
591 2344 932 2442 humilitatemDei3
963 2347 1110 2446 dignare
1130 2342 1198 2422 else
1236 2314 1401 2390 memes-²

1217 2413 1282 2471 ιη.
1322 2398 1397 2460 alian

149 2442 293 2520 humilis
305 2461 453 2543 propter
467 2461 522 2529 te,
539 2446 622 2543 quia
634 2446 733 2525 Deus
746 2448 908 2544 dignatus
919 2447 1118 2524 esthumilis
1131 2442 1198 2522 else
1216 2480 1259 2546 att.
1272 2472 1317 2538 De
1328 2470 1400 2537 ver.

150 2545 476 2717 Erqptereunrdenr
488 2565 523 2620 te
546 2568 646 2622 anon
659 2552 754 2624 eninr
766 2568 914 2646 propter
927 2547 971 2622 se·
996 2546 1095 2643 Cape
1105 2569 1194 2644 ergo
1212 2547 1257 2614 bis
1265 2549 1400 2616 nonnae

180 2644 386 2719 umilitatem
416 2643 566 2733 Christi,
596 2647 687 2724 disce
712 2647 854 2724 humilis
867 2644 934 2722 else
951 2695 962 2726 ‚
981 2646 1055 2723 noli
1077 2647 1197 2743 super·

150 2742 234 2819 bire-
265 2742 446 2820 Confitere
459 2746 697 2827 infirmitatem
710 2763 828 2832 tuam,
846 2748 1103 2843 jacepatienter
1115 2760 1199 2823 ante

150 2842 360 2923 Medicum:
387 2868 469 2920 cum
483 2851 617 2944 ceperis
631 2849 868 2924 humilitatem
881 2847 954 2941 ejus
969 2900 978 2931 ‚
993 2846 1101 2945 surgis
1113 2869 1198 2924 cum

150 2944 236 3021 illot
258 2967 331 3018 non
360 2944 453 3038 quafi
473 2950 506 3021 8ι
524 2950 593 3045 ipse
615 2949 731 3045 surgat
773 2947 965 3023 secundum
988 2945 1090 3043 quod
1107 2944 1199 3022 Ver·

151 3046 240 3119 bum
255 3045 302 3118 est
315 3064 327 3126 ;
340 3042 394 3118 sed
409 3062 446 3120 tu
459 3054 603 3143 potius,
630 3066 668 3126 ut
681 3048 816 3145 magis,
847 3045 1062 3142 magisquea
1085 3060 1121 3122 te
1142 3071 1199 3124 ca·
1442 3104 1445 3111 ·
1470 3088 1474 3097 ·

150 3146 302 3243 piatur„
317 3187 349 3235 „·
377 3141 482 3221 Filius
506 3146 576 3225 Dei
598 3150 783 3224 hominem
810 3141 919 3222 allum
948 3144 1012 3225 stt,
1031 3147 1067 3221 δι
1085 3148 1122 3222 in
1137 3145 1198 3225 illo
1217 3153 1246 3220 m
1263 3156 1333 3236 lug.
1345 3151 1396 3221 tu.

149 3300 172 3336 „
190 3244 341 3319 humana
354 3244 530 3345 perpessus
544 3251 602 3324 cll·
631 3246 717 3324 Haec
734 3247 906 3322 medicina
919 3170 1109 3323 fluminum
1123 3262 1196 3324 tan·
1217 3234 1399 3373 fflssffl‘

149 3402 174 3437 „
186 3359 220 3421 ta
238 3343 308 3418 est>
325 3363 455 3441 quanta
468 3372 541 3423 non
555 3349 672 3443 potest
690 3350 850 3444 cogitati·
878 3340 974 3422 Nam
989 3369 1068 3445 quae
1082 3345 1199 3447 super·
1215 3332 1287 3469 „pf
1297 3315 1382 3455 ,ξω

151 3501 175 3536 ,,
190 3446 242 3517 bia
256 3441 361 3519 sanari
373 3448 507 3537 potest,
532 3446 764 3524 sllrunrilitate
776 3443 851 3522 Filii
864 3443 1017 3522 Deinon
1036 3445 1199 3524 sanaturi

152 3600 176 3634 „
192 3540 285 3635 Quae
313 3549 453 3621 avaritia
482 3546 589 3624 sanari
614 3547 749 3644 potest>
768 3546 793 3621 fi
810 3560 1015 3644 paupertate
1038 3543 1112 3622 Filii
1132 3547 1204 3626 Del
1257 3629 1261 3638 ,

152 3667 263 3734 „non
283 3643 442 3719 sanatur?
456 3645 547 3739 Qut
563 3650 741 3723 iracundia
754 3647 860 3721 sanari
871 3647 1008 3744 potest,
1029 3644 1204 3743 srpatien·
1291 3652 1312 3657 ”

153 3797 175 3833 „
189 3750 234 3816 tia
252 3738 328 3817 Filii
341 3745 409 3820 Dei
424 3769 498 3820 non
525 3746 661 3822 sanatur
680 3747 695 3822 ?
719 3745 810 3837 Quae
824 3748 985 3841 impietas
1006 3734 1112 3822 sanari
1136 3771 1205 3844 po·

151 3897 174 3934 ,‚
192 3841 278 3925 test,
292 3841 315 3916 st
330 3844 497 3919 charitate
513 3843 586 3922 Filii
600 3845 667 3922 Dei
685 3870 759 3920 non
775 3843 938 3922 sanaturi
955 3843 1080 3921 Nolite
1088 3869 1208 3923 aurate

152 3942 356 4034 „carnalia
376 3947 455 4038 qrria
471 3951 504 4020 in
523 3945 609 4022 Filio
626 3945 694 4021 Dei
707 3969 773 4020 nec
794 3943 965 4021 masculus
986 3968 1053 4021 nec
1066 3944 1207 4024 faemina

151 4096 175 4134 „
192 4039 323 4119 sumus.
351 4042 473 4119 Nolite
487 4043 601 4121 aurare
615 4044 821 4142 temporalia
835 4095 844 4125 ‚
858 4048 938 4141 quia
958 4043 981 4118 fi
999 4045 1088 4119 bene
1110 4069 1207 4122 ama·

150 4196 174 4233 ,‚
188 4154 330 4224 rentur,
354 4162 533 4220 auraretea
547 4147 682 4228 homo,
697 4168 804 4241 quem
826 4143 972 4241 suscepit
998 4138 1103 4221 Filius
1122 4142 1202 4222 Det.

152 4295 175 4334 n
191 4236 229 4316 Ο
244 4241 454 4318 medicinam
469 4248 634 4321 omnibus
648 4243 893 4320 consulentem
906 4291 914 4319 ‚
926 4247 1046 4323 omnia
1064 4259 1224 4325 tumen-s

153 4343 233 4431 „tia
247 4348 548 4440 comprimentem
563 4402 571 4429 ‚
590 4347 711 4420 omnia
734 4342 940 4420 tabescentia
957 4341 1173 4419 reficientem
1189 4394 1204 4434 ,

151 4495 175 4532 „
189 4445 311 4516 omnia
325 4443 494 4538 luperllna
509 4445 741 4528 resecantem,
758 4446 880 4519 omnia
889 4436 1071 4518 necessaria
1085 4445 1206 4521 custo·

151 4538 341 4631 „dientem
357 4596 366 4625 ,
384 4549 502 4619 omnia
525 4544 661 4641 perdita
678 4560 919 4642 reparantem,
939 4545 1061 4619 omnia
1078 4543 1205 4641 depra·

151 4692 175 4733 „
191 4656 269 4715 vata
291 4647 553 4738 corrigentem!

204 4795 227 4833 „
239 4796 262 4833 „
277 4737 386 4820 Tunc
399 4745 476 4824 Lex
489 4744 657 4844 impletur
669 4764 681 4825 3
691 4744 778 4823 dum
794 4765 870 4822 non
880 4739 1073 4844 cupiditate
1084 4761 1205 4820 tetum
1258 4798 1260 4803 -

593 4840 630 4921 V
656 4861 681 4923 2
1060 4854 1150 4917 tem·
