3250 5392
169 181 1416 466 —

402 713 473 846 De
498 743 623 861 rrae,
649 731 926 868 &Symboio
986 802 993 823 ι
1128 717 1221 859 -561
1265 735 1276 759 '

176 925 373 1007 Praeterea,
401 950 478 1003 non
504 929 621 1002 minor
647 927 797 1023 potestas
816 919 1000 1002 neceffaria
1022 921 1137 1000 estad
1159 921 1228 1001 ho·

179 1035 316 1104 minem
351 1049 397 1102 ex
424 1031 537 1124 impio
560 1027 691 1124 justum
717 1026 968 1102 reddendum,
996 1027 1034 1100 dt
1070 1028 1226 1102 animam

179 1155 198 1204 a
224 1144 340 1203 morte
360 1130 497 1225 peceati
521 1125 773 1208 suscitandam,
794 1148 903 1224 quam
923 1125 968 1201 ad
987 1123 1112 1199 mundi
1130 1148 1228 1202 crea·

178 1231 335 1313 tionem,
357 1229 393 1301 δι
421 1250 574 1329 corpora
594 1250 614 1302 a
637 1241 755 1302 morte
775 1225 982 1316 excitanda3
1005 1223 1048 1300 ad
1071 1223 1149 1302 haec
1165 1249 1228 1301 au·

179 1345 254 1404 tem
274 1328 466 1413 infinitam,
484 1329 517 1402 dt
538 1325 743 1417 immensam
763 1323 831 1402 Dei
850 1329 923 1402 rim
943 1326 1072 1419 requiri
1089 1339 1230 1401 certum

179 1428 240 1503 est·
264 1426 415 1502 Potestas
430 1424 633 1502 dimittendi
656 1444 821 1523 peccata,
841 1443 1032 1522 antequam
1042 1421 1144 1502 Deus
1162 1424 1231 1501 ho·

180 1551 244 1602 mo
268 1525 388 1605 fieret,
416 1526 500 1603 nulii
525 1541 648 1602 creatae
672 1541 806 1603 naturae
834 1551 853 1601 a
877 1524 960 1602 Deo
985 1521 1148 1602 conceffa
1171 1524 1233 1602 est.

180 1626 317 1705 Primus
341 1631 504 1703 omnium
524 1625 683 1702 Christus
701 1626 865 1703 Salvator
884 1625 1024 1710 noster,
1045 1641 1086 1700 ut
1102 1623 1231 1712 homo,

181 1750 266 1803 cum
288 1726 383 1802 idem
403 1750 504 1803 verus
526 1724 627 1803 Deus
647 1723 751 1809 erret,
772 1725 846 1802 hoc
869 1748 999 1803 munus
1019 1748 1038 1800 a
1058 1722 1159 1801 Patre
1174 1747 1234 1803 ac·

179 1829 297 1923 cepit:
322 1823 516 1913 Utsciarir,
538 1828 764 1928 inquit,quia
782 1824 887 1896 filius
902 1824 1045 1896 bominis
1063 1820 1161 1895 haber
1175 1844 1232 1917 po·
1265 1806 1374 1876 m
1398 1825 1428 1885 ⁹·

179 1924 327 2004 testatem
354 1930 390 1996 in
419 1945 511 1997 terra
542 1930 732 2009 dimittendi
755 1944 888 2020 peccata
900 1973 913 2008 ‚
942 1931 996 1996 ait
1022 1919 1232 2016 Paraiytr'coz

180 2032 304 2120 Surge,
326 2026 400 2096 tolie
415 2021 590 2119 grabatum
612 2045 725 2103 tuum,
747 2029 789 2098 (ι’
811 2027 899 2094 vade
923 2027 958 2094 in
981 2025 1109 2096 tonum
1130 2043 1236 2098 tuam.

183 2124 289 2205 Hanc
309 2127 518 2222 potestatem
541 2124 700 2203 Eccleiiae
719 2127 787 2205 iuae
805 2121 998 2212 conceffit,
1026 2127 1070 2200 ab
1092 2121 1238 2223 Episco-

180 2230 262 2324 pis,
289 2229 324 2301 δι
348 2225 580 2323 presbyteris,
602 2228 646 2303 ad
668 2227 739 2304 hoc
761 2229 932 2303 ordinatis
962 2225 1148 2308 ministris,
1174 2247 1239 2301 ex·
1340 2309 1343 2322 ¹

181 2325 370 2403 escendam
392 2327 482 2405 iliius
507 2332 603 2409 vice,
631 2328 667 2402 &
688 2325 920 2411 audoritate‚
945 2349 1021 2401 non
1042 2325 1111 2415 iuis
1131 2331 1237 2401 meri-

180 2429 256 2514 tis,
283 2450 367 2504 cum
396 2429 432 2503 ἃ
461 2425 523 2524 ipit
554 2427 697 2502 medico
735 2426 869 2503 coeiesti
898 2427 1092 2524 indigeant
1119 2423 1237 2502 Unde

179 2522 329 2625 Joannis
341 2543 398 2600 20.
431 2526 608 2624 apostolis
630 2529 699 2603 ait:
728 2527 1059 2620 Accepteesprrnum
1071 2523 1235 2613 fandum,

182 2649 320 2721 quorum
337 2626 532 2721 remiseritis
550 2643 703 2720 peccata,
725 2629 942 2721 remittuntur
961 2632 1010 2705 eis
1020 2675 1032 2709 ,
1052 2627 1120 2701 &o
1151 2624 1237 2702 Hoc

183 2726 256 2802 est,
280 2782 334 2817 „„
361 2724 510 2820 Spiritus
530 2727 664 2803 santius
690 2722 863 2814 dimittit,
885 2748 960 2803 non
982 2749 1060 2801 vos·
1085 2719 1234 2822 Spiritus

182 2838 303 2901 autem
329 2822 430 2901 ‚Deus
448 2825 508 2901 est.
538 2824 633 2902 Deus
657 2850 747 2922 ergo
768 2827 940 2912 dimittit,
966 2849 1042 2904 non
1062 2849 1139 2902 vos·
1163 2825 1235 2903 Sed
1259 2858 1266 2869 ·

183 2925 229 3001 ad
255 2923 425 3023 Spiritum
452 2925 538 3022 quid
558 2927 633 3003 estis
660 2926 751 3004 vos?
783 2925 956 3013 Nescitis,
983 2929 1061 3020 quia
1079 2929 1236 3019 tempium
1273 2928 1298 2973 ¹·
1312 2906 1379 2981 ⁰⁰¹·
1405 2921 1435 2985 i·

184 3028 257 3096 Dei
277 3021 374 3110 estis,
397 3029 437 3096 (5
461 3027 603 3117 Spiritus
629 3030 697 3099 Der
712 3020 841 3097 habim
859 3029 895 3096 in
914 3021 1036 3098 voltis?
1055 3025 1156 3104 Deus
1172 3025 1235 3102 ha.

185 3126 274 3201 bitat
295 3128 331 3200 in
355 3123 493 3222 templo
514 3126 630 3202 santio
650 3124 736 3208 suo,
764 3128 837 3204 hoc
865 3127 933 3212 est,
953 3129 991 3201 in
1018 3125 1139 3204 sanun
1166 3127 1234 3204 suis

185 3224 385 3302 Fideiibus,
403 3229 440 3301 in
463 3223 612 3303 Ecclesia
632 3225 712 3312 sua,
758 3253 796 3304 er
822 3251 884 3303 eos
907 3226 1053 3303 dimittit
1078 3245 1237 3325 peccata,

184 3328 268 3424 quia
291 3329 368 3402 viva
391 3327 523 3425 templa
547 3327 637 3404 sunt·
662 3325 732 3402 Sed
783 3330 819 3404 ui
835 3328 984 3403 dimittit
1009 3341 1153 3426 peccata
1173 3350 1239 3428 per

185 3422 393 3507 hominem,
408 3427 525 3524 potest
535 3427 731 3511 dimittere,
745 3429 780 3502 de
794 3443 919 3524 praeter
931 3427 1116 3504 hominem
1140 3483 1163 3519 „
1175 3477 1212 3522 „.

237 3523 299 3604 ΙΙΙ.
326 3523 548 3603 Remiiironis
565 3547 684 3604 autem
698 3532 930 3623 peccatorum
945 3523 1126 3604 Confeffio
1140 3526 1181 3604 fit
1203 3530 1239 3605 in

187 3623 384 3723 Symbolo,
406 3631 518 3703 tacitis
528 3629 599 3706 aliis
608 3629 651 3704 ad
669 3628 952 3721 justificationem
965 3630 1241 3725 pertinentibus3

188 3730 271 3822 quia
296 3780 318 3815 „
339 3724 412 3821 ipsa
432 3730 548 3829 nostra
568 3729 697 3822 justina
721 3785 731 3813 ,
756 3731 905 3826 quanvis
929 3752 1009 3804 vera
1030 3727 1071 3803 fit
1090 3747 1241 3825 propter

187 3879 210 3916 „
226 3826 298 3898 veri
323 3826 410 3899 boni
439 3826 572 3913 fidem,
598 3828 642 3901 ad
666 3851 774 3926 quem
802 3829 977 3906 refertur,
1000 3847 1118 3904 tamen
1143 3841 1241 3904 tanta

187 3923 334 4016 „estin
360 3925 425 4000 hac
451 3931 544 4012 vita,
573 3945 614 4004 ut
638 3934 758 4025 potius
785 3926 985 4004 remifflone
1009 3941 1243 4025 peccatorum

187 4080 210 4115 ,‚
224 4024 385 4108 constet,
414 4050 522 4124 quam
556 4026 770 4125 perfectione
800 4032 970 4104 virtutum
985 4031 1051 4122 „.(
1074 4031 1185 4122 inquit
1207 4031 1242 4099 S.

189 4120 329 4216 auguli,
352 4124 413 4206 lib,
437 4143 493 4212 19.
519 4133 557 4194 de
579 4131 730 4196 Ciuitate
745 4130 836 4209 Dei,
859 4151 935 4221 cap.
956 4122 1051 4220 27.)
1150 4160 1154 4170 ·

238 4220 302 4299 lV.
332 4222 510 4316 Caeterunr
533 4244 764 4323 peccatorum
790 4225 941 4304 remiffio
960 4252 1034 4304 non
1057 4224 1241 4326 culparum
1279 4217 1362 4298 Quid
1378 4235 1450 4297 pec·

190 4321 366 4400 duntaxat
387 4328 644 4414 molitionem,
664 4327 721 4403 sed
741 4352 931 4426 poenarom
950 4332 1056 4406 etiam
1074 4325 1244 4406 remiffio·
1273 4311 1408 4434 roffi?

189 4448 296 4507 nem,
315 4425 351 4498 &
371 4424 513 4510 effecius
537 4452 662 4503 omnes
699 4430 792 4505 ratiae
805 4426 951 4516 Christi,
971 4429 1103 4506 frutiur
1117 4427 1244 4507 omn'es
1272 4444 1403 4524 comple-

190 4522 367 4620 sanguinis
389 4525 492 4623 iptius
514 4531 657 4627 comple
693 4533 782 4606 itur,
805 4528 946 4627 pieriam
966 4528 1120 4628 denique
1139 4533 1175 4606 dt
1191 4537 1245 4605 in·
1277 4529 1381 4588 ceatur.
1442 4556 1445 4561 ·

195 4637 336 4719 tegram
358 4631 467 4702 totius
494 4627 650 4705 hominis
674 4627 987 4726 redemptionem,
1014 4653 1102 4728 quae·
1117 4649 1247 4709 aeterna

194 4722 329 4810 salute,
355 4726 391 4799 &
419 4750 619 4829 corporum
640 4732 746 4806 etiam
776 4728 1027 4808 resurretiione
1050 4732 1247 4830 complebi-

245 4822 397 4904 Toni.
711 4824 808 4930 Nn„
1132 4853 1202 4917 tur.
