3250 5392
147 189 1398 465 u

753 301 754 304 ,
812 287 828 306 t,

769 309 787 326 v
798 315 825 324 „a

437 764 507 855 De
524 762 650 873 Fide,
670 767 712 856 δι
730 758 950 880 Symbolo.
1157 781 1239 872 493

201 932 350 1032 Spiritus
365 932 479 1012 santii·
518 935 695 1034 Spiritaler
718 950 839 1014 autern
862 935 936 1014 fieri
963 956 1038 1013 non
1066 939 1241 1034 poteritis,

200 1036 265 1126 nisi
286 1036 437 1110 carnales
460 1032 527 1111 esse
552 1036 759 1114 destiteritis»
786 1036 952 1114 Carnaler
975 1056 1062 1114 vero
1089 1030 1157 1111 else
1180 1037 1242 1115 de·

201 1133 343 1219 srstetis,
364 1133 389 1209 sr
409 1136 522 1213 forma
540 1139 691 1213 carniste
711 1135 831 1213 vestris
851 1137 965 1215 oculis
981 1136 1180 1222 anferatur,
1200 1150 1242 1214 ut

200 1234 316 1308 sorma
334 1233 403 1310 Dei
424 1239 541 1312 vestris
558 1235 726 1315 cordibus
744 1237 945 1329 inseratur„
956 1284 993 1328 „.
1015 1235 1073 1312 Sic
1086 1235 1242 1333 explicat

199 1342 234 1402 S·
251 1338 380 1426 auguli.
410 1337 520 1411 serm.
532 1352 616 1432 270·
645 1339 725 1415 uliae
742 1352 800 1414 22,
829 1360 876 1413 err
900 1337 1035 1412 editisa
1058 1336 1238 1443 Sirpvredo.

200 1437 319 1532 litque
331 1456 375 1508 ex
386 1433 451 1510 hac
465 1434 992 1535 inhabitatiooeSpiritussantii
1004 1434 1153 1511 innubis
1165 1436 1242 1531 eju·

200 1537 421 1610 divinitatem
444 1532 559 1612 Patres
579 1533 812 1631 confirmatum
828 1539 921 1612 inter
943 1534 1030 1611 alios
1054 1542 1086 1615 S.
1099 1537 1242 1625 cyrillus

199 1639 448 1708 Arrxrnnnus
475 1635 574 1710 lib.1
626 1641 664 1713 in
691 1635 882 1734 joannem·
906 1634 1062 1727 „marn
1090 1634 1140 1711 ob
1164 1654 1241 1712 rent
1303 1673 1306 1678 ·
1340 1670 1368 1741 5

200 1731 361 1829 (inquit)
390 1734 439 1808 dii
459 1757 729 1832 nuncupamur,
752 1758 830 1812 non
852 1739 963 1831 gratia
983 1733 1098 1812 solum
1120 1732 1165 1810 ad
1185 1733 1241 1812 su·

194 1834 456 1930 'permaturalem
479 1833 631 1931 gloriam
653 1835 764 1911 evelli
780 1834 873 1922 ,sed
898 1837 998 1933 quud
1023 1832 1145 1911 Deum
1165 1835 1239 1929 jam
1313 1888 1320 1907 ,

196 1937 234 2009 in
263 1936 366 2008 nobis
388 1933 626 2021 habitantem,
649 1947 757 2034 atque
775 1932 1009 2012 diversantem
1033 1932 1238 2016 habeamur»

196 2033 297 2125 iuxta
314 2033 399 2109 illud
424 2033 630 2135 Propheta:
655 2031 756 2132 Qua
775 2030 929 2105 habitabo
948 2036 983 2105 in
1002 2029 1099 2128 ipfis,
1117 2033 1161 2106 m
1183 2035 1236 2103 in·

196 2129 364 2202 ambutabo
385 2134 474 2203 inter
498 2157 560 2210 eos.
589 2134 733 2236 Alioqui
755 2134 990 2233 respondeant
1015 2134 1120 2211 nobie
1143 2155 1234 2232 quo·
1250 2122 1320 2192 Μ·
1335 2133 1381 2194 ²⁶·
1395 2145 1428 2195 ¹²

196 2233 312 2308 morlo
331 2233 462 2330 templa
486 2232 555 2311 Dei
576 2232 705 2321 fimus,
726 2236 828 2331 juxta
849 2229 1020 2320 Paulum,
1038 2232 1235 2309 inhabitan-
1250 2205 1371 2347 ἧσθ’·
1400 2208 1429 2271 ⁴·

194 2345 269 2409 tern
287 2336 336 2507 ip)
344 2336 447 2410 nobis
467 2334 636 2509 Spiritum
656 2333 845 2422 habentes,
865 2332 928 2412 nisi
948 2333 1097 2434 Spiritus
1116 2329 1159 2409 ht
1174 2355 1237 2410 na·
1450 2361 1454 2377 ·

192 2445 272 2509 tura
339 2457 399 2510 eus
444 2491 465 2525 „

244 2530 290 2607 Et
316 2540 348 2603 S.
363 2488 448 2625 Aa}
473 2531 551 2609 Lih·
569 2555 599 2605 r.
635 2537 674 2604 dr
699 2522 855 2604 Moribus
878 2527 1024 2616 Ecclesia
1048 2531 1236 2610 catholice.

196 2652 273 2723 cap.
291 2647 346 2720 ¹3·
371 2685 393 2722 ‚‚
405 2687 426 2722 „
443 2631 495 2706 Fit
506 2656 595 2729 ergo
610 2656 672 2729 per
685 2630 891 2708 charitatem
907 2627 1070 2726 (inquit)
1095 2647 1137 2710 ut
1147 2653 1236 2708 con·

195 2732 392 2806 sormemur
404 2730 499 2814 Deo,
517 2734 553 2810 br
570 2757 616 2808 ex
630 2756 675 2809 eo
686 2731 929 2814 conformati,
948 2744 1056 2830 atque
1072 2729 1237 2826 configu·
1338 2800 1341 2805 ,

192 2835 281 2908 rati,
305 2833 339 2904 br
371 2829 564 2908 circumcih
591 2830 732 2908 abhoc
755 2830 913 2917 mundo,
936 2852 1012 2906 non
1037 2829 1237 2908 confunda·

195 2952 277 3004 mur
294 2952 377 3004 curn
394 2930 454 3016 iis,
477 2954 557 3028 quae
573 2931 677 3009 nobis
691 2931 823 3007 debent
835 2927 903 3006 else
917 2929 1077 3024 subiesta·
1103 2928 1158 3007 Fit
1175 2954 1237 3007 au·

193 3041 269 3105 tenr
294 3029 367 3103 hoc
392 3053 454 3126 per
482 3031 652 3127 Spiritum
664 3030 832 3109 [anisum.
858 3035 935 3126 Spes
952 3032 1038 3102 enirn
1059 3021 1235 3130 (inquit)
1250 3011 1337 3083 Μ
1352 3028 1383 3095 is
1394 3060 1396 3065 ·
1420 3087 1428 3101 ,

193 3151 256 3200 non
278 3125 472 3218 confertim
497 3135 648 3226 qnoniam
662 3130 809 3203 ebaritas
826 3131 897 3203 Dei
912 3124 1029 3219 diffusa
1049 3125 1094 3211 est
1113 3129 1148 3200 in
1164 3152 1238 3200 cor·

193 3226 287 3300 esibus
310 3226 449 3306 nolitis,
468 3251 527 3322 per
551 3232 711 3326 Spiritum
722 3228 868 3317 senilem
879 3233 956 3322 ‚qus
969 3225 1117 3308 saturet?
1129 3222 1234 3310 nobis,

191 3326 429 3407 Nullumndo
443 3345 564 3406 autern
574 3329 777 3429 reintegrari
786 3325 968 3427 possemne
985 3327 1237 3426 per-Spiritum

192 3428 373 3514 santium,
400 3428 463 3504 nisr
484 3431 520 3504 ἃ
545 3430 615 3528 ipse
635 3431 770 3530 semper
791 3431 949 3527 integer,
970 3430 1007 3504 δι
1033 3430 1237 3506 incommu-

194 3529 308 3604 tabilis
326 3545 556 3625 permaneret·
583 3528 698 3626 Quod
715 3529 888 3704 profesio
914 3550 992 3605 non
1013 3525 1147 3622 pollet,
1170 3523 1236 3604 nisi
1361 3618 1365 3627 ι

195 3625 266 3704 Dei
284 3626 520 3715 naturaeeilet,
540 3653 582 3707 ac
597 3629 702 3727 ipsrun
731 3628 911 3706 ubstantiae
924 3630 1008 3706 seul
1021 3627 1235 3709 soliincom·

193 3727 427 3813 mutabilitas,
449 3743 573 3826 atque,
598 3745 639 3807 ut
655 3734 703 3806 ita
722 3727 865 3815 dicant,
890 3727 1131 3804 invertibilitas
1147 3726 1234 3802 lem·

192 3848 254 3921 per
273 3826 332 3902 est.
356 3832 613 3899 creaturarum
627 3825 924 3925 vanitptr'srrbjessa
938 3822 993 3905 ess,
1022 3824 1152 3924 Neque
1166 3847 1233 3901 nos
1250 3846 1337 3924 Μ,
1358 3863 1390 3927 g,

191 3926 309 4022 potest
338 3949 357 4002 a
385 3931 536 4005 vanitate
560 3927 739 4025 separare,
767 3930 976 4024 veritatique
999 3921 1234 4007 conuenere,
1400 3957 1402 3961 ·

192 4026 293 4126 quod
313 4025 505 4120 subjeetum
526 4029 575 4102 est
601 4029 756 4105 vanitati.
788 4023 834 4103 Et
856 4025 929 4102 hoc
954 4025 1060 4100 nobis
1084 4021 1235 4118 Spiritui

189 4126 322 4204 lansius
341 4127 486 4225 prestat.
517 4126 684 4205 Creaturu
702 4130 808 4224 igitur
827 4148 902 4201 non
920 4124 991 4213 est;
1017 4125 1098 4222 quia
1110 4144 1235 4209 omne,

191 4229 293 4325 quud
315 4228 387 4312 eli,
404 4231 470 4302 'aut
493 4225 621 4312 Deus,
646 4241 708 4303 aut
733 4240 889 4304 creatura
911 4223 1054 4308 eston·

239 4321 287 4401 V.
314 4324 430 4418 Quod
449 4325 742 4421 Spirituvsansius
756 4329 825 4401 vita
841 4323 1102 4406 srtanimarunn
1122 4341 1264 4452 tremos
1286 4310 1306 4378 ⁸
1328 4313 1414 4408 lim.

189 4430 393 4522 negaverit,
408 4429 468 4522 qui
480 4424 626 4503 infusam
649 4430 774 4502 animae
786 4427 893 4500 vitam
906 4423 1231 4522 immortalemSpi·
1248 4410 1455 4532 ssssmssssss,

188 4523 390 4601 ritussanni
406 4525 596 4622 aliquando
607 4528 642 4600 in
652 4547 807 4624 corpora
816 4526 955 4600 noverit
965 4522 1232 4607 refundendam,
1248 4556 1288 4608 u.

187 4642 231 4703 ut
250 4625 295 4701 ad
318 4627 425 4700 vitain
452 4624 668 4722 gloriosam,
692 4624 727 4699 br
757 4641 922 4701 aetemam
945 4622 1173 4706 suscitentur,
1192 4639 1235 4702 ut
1295 4658 1297 4663 ·

185 4727 295 4806 docet
315 4723 508 4824 Apostolus
533 4723 579 4805 ad
597 4719 713 4808 Rom.
728 4715 763 4798 8.
787 4719 945 4817 ,Quousr
973 4720 1229 4915 Spirr'sasqeps,
1371 4838 1373 4843 Α
1441 4825 1443 4830 Ι

1139 4847 1158 4892 ΙΙ
