3250 5392
368 364 881 565 Deride,&synba10:
1085 448 1185 534 495.

127 594 202 673 rilir
225 589 274 671 est
298 592 396 673 causa
428 595 644 686 virtutis„„.
670 591 802 695 iliaque
830 584 1061 690 significatio,
1089 604 1171 693 qui

131 699 168 770 in
188 693 301 791 specie
316 699 407 791 ignis
423 697 603 791 apparuit,
622 696 658 768 dr
682 717 791 790 opere
809 695 1012 791 perseverat,
1036 692 1070 767 dr
1089 710 1171 770 mu·

130 815 225 871 nerea
250 841 272 886 ,‚
284 793 392 895 „lpse
404 797 499 868 enim
511 790 657 889 Spiritus
669 795 818 870 veritatis
831 794 914 872 facit
926 794 1076 870 domum
1090 788 1171 891 gioa'

131 935 153 985 ‚⁵
169 898 227 967 riae
251 895 332 971 iuae*
356 895 496 969 luminis
520 893 569 968 sui
597 896 714 969 nitore
735 893 892 988 fulgere,
918 894 953 970 dt
980 894 1016 967 in
1033 892 1172 988 templo

131 1034 154 1083 ,5
167 992 306 1069 suonec
318 992 541 1070 tenebrosum
554 991 686 1090 aliquid
700 992 775 1070 vult
787 990 866 1079 effe,
889 1017 956 1071 nec
967 990 1125 1091 tepidum
1136 1032 1172 1086 „0

132 1089 250 1167 Verba
277 1093 355 1170 sunt
380 1099 412 1160 Sl
428 1096 547 1162 Leonis
569 1091 679 1167 Serm.
700 1106 730 1166 t.
759 1096 797 1161 de
821 1090 1008 1169 Prnrerolle.

183 1187 253 1267 XI.
281 1191 322 1268 ln
344 1192 457 1291 specie
482 1192 682 1289 linguarum
702 1191 850 1291 Spiritus
860 1191 993 1271 rannus
1020 1190 1175 1269 advenit·

135 1295 167 1370 1.
198 1289 248 1365 Ut
266 1289 408 1389 singulis
427 1292 603 1389 Apostolis
624 1294 720 1368 orbis
737 1308 908 1369 terrarum
927 1289 1089 1391 regiones
1109 1294 1177 1373 do*

132 1392 260 1465 cendas
271 1395 378 1468 veluti
393 1391 622 1476 distribueret,
645 1391 759 1492 eisque
772 1391 1019 1469 demandatam
1037 1416 1054 1468 a
1070 1391 1175 1471 Chri-

132 1489 187 1564 sto
211 1490 419 1585 praedicandi
453 1486 630 1589 Evangelii
659 1495 879 1588 provinciam
911 1490 1176 1587 confirmarem

134 1588 307 1689 dotelque
324 1595 366 1666 ad
391 1588 619 1668 ministerium
643 1592 896 1691 exequendum
922 1589 1177 1670 necessariora

135 1690 315 1780 impertire
339 1690 559 1785 fignificaret.
601 1691 649 1761 Er
672 1692 791 1783 repleri
810 1690 889 1778 ‚ient
917 1714 1023 1763 omnes
1045 1694 1179 1784 spiriru

131 1787 260 1875 sancio,
287 1795 499 1882 &ruperunt
518 1791 609 1885 loqui
619 1793 729 1861 variis
751 1790 891 1884 linguis,
917 1808 1016 1887 prout
1031 1792 1179 1884 Spiritui

108 1912 114 1921 ·
129 1884 259 1974 saneim
275 1886 373 1960 dabar
381 1890 488 1987 eloqui
507 1889 590 1984 idi53
612 1883 755 1989 (inqult
769 1888 803 1965 S·
821 1888 934 1969 Lucas
948 1876 1097 1969 Adiu'um
1112 1886 1179 1987 2.)

135 2031 192 2080 ⁵5„
209 1984 367 2086 Oquam
392 1990 500 2071 velox
514 1989 563 2066 est
580 1993 694 2067 sermo
717 1992 890 2086 l'apientiae
914 1989 921 2057 !
950 1994 1058 2069 &ubi
1074 1988 1179 2068 Deua

135 2087 298 2183 magister
314 2091 379 2175 est,
396 2093 588 2190 quamcito
602 2088 764 2175 dicitur,
782 2086 882 2190 quod
894 2092 1070 2170 docetur!
1090 2089 1181 2167 Non

137 2185 187 2261 est
213 2186 367 2264 adhibita
385 2190 627 2289 interpretatio
649 2189 692 2264 od
724 2190 939 2266 audiendum
962 2237 973 2277 ,
995 2211 1070 2266 non
1088 2212 1179 2266 con·

136 2283 286 2363 suetudo
306 2289 350 2362 ad
369 2286 492 2372 usum,
517 2310 592 2362 non
611 2301 751 2387 tempus
777 2284 821 2365 ad
845 2289 1020 2367 studium,
1035 2288 1090 2363 sed
1111 2287 1181 2383 spi*
1268 2288 1274 2295 '

135 2401 255 2470 tonte,
272 2391 331 2462 ubi
343 2385 482 2472 voluit,
514 2387 646 2484 Spiritu
663 2390 838 2472 veritaris.
861 2391 1014 2485 propriae
1026 2387 1181 2484 lingula·

137 2491 391 2580 cumgentium
406 2508 511 2563 voces
533 2487 628 2562 iadae
642 2484 720 2563 sunt
737 2503 782 2562 ex
807 2481 967 2564 Ecclefiae
991 2511 1054 2566 ore
1079 2508 1185 2566 com*

138 2604 299 2677 munes„
314 2628 347 2680 „r
372 2584 509 2683 (inquit
525 2585 656 2672 ,annus
672 2590 751 2662 Leo.
777 2584 949 2664 Sermone
976 2597 1010 2668 Ι.
1033 2589 1072 2659 de
1098 2593 1191 2670 Pera«,
1296 2600 1298 2605 '

136 2679 264 2762 tecolie.
275 2685 292 2767 )

187 2771 383 2871 Secundo,
406 2778 442 2863 in
471 2773 584 2887 ipecie
608 2778 808 2883 linguarum
842 2777 1023 2884 appatuit,
1054 2795 1094 2863 ut
1113 2789 1189 2862 tera*

136 2896 255 2959 rarum
277 2888 402 2961 orbem
426 2891 462 2962 in
498 2891 669 2964 unitatem
693 2883 775 2959 fidei
798 2902 1048 2984 congregaret.
1086 2882 1189 2964 Cum

139 2983 234 3057 enim
253 2982 339 3085 olim
352 2984 516 3062 homines
529 2986 685 3080 superbia
700 2985 778 3059 eloti
793 2989 917 3062 turrim
938 2999 1103 3063 extruere
1117 3006 1187 3061 ro·

138 3078 290 3167 luerint,
354 3108 406 3161 uae
430 3088 474 3163 ad
509 3086 643 3162 coelum
663 3083 770 3182 usque
794 3087 1033 3181 pertingeret,
1064 3084 1101 3160 dr
1128 3086 1187 3160 in*

140 3166 241 3256 veni
260 3106 431 3260 dividone
465 3186 665 3284 linguarum
695 3201 837 3279 pravam
870 3184 1013 3271 illorum
1051 3186 1186 3260 coitio-

140 3298 225 3354 nem
245 3282 313 3358 ,ἃ
345 3288 577 3362 concordiam
602 3273 811 3379 diffiprverit
840 3282 937 3360 Deus
958 3281 1120 3377 ;idcirco
1148 3286 1189 3360 in

141 3377 256 3475 specie
289 3374 490 3477 linguarum
528 3390 712 3478 ignearum
750 3385 807 3457 die
829 3382 924 3459 iacro
964 3381 1193 3458 Pentecosten

142 3476 345 3554 inhumiles
365 3479 492 3558 Christi
539 3481 728 3578 discipulos
751 3483 900 3577 Spiritus
926 3482 1058 3559 sanetus
1079 3474 1191 3554 illabi·-

142 3586 223 3662 tur,
245 3590 286 3652 ut
306 3579 448 3657 illorum
471 3577 671 3659 'ministerio
687 3594 857 3656 terrarum
882 3583 1005 3656 orbem
1039 3577 1191 3655 divisum

144 3667 414 3774 conjungam&
431 3686 467 3758 in
482 3684 585 3760 unius
608 3678 728 3756 rerer,
750 3700 791 3756 ac
815 3674 1009 3776 Religionis
1034 3694 1192 3757 concor·

144 3772 237 3853 diam
254 3782 410 3856 reducar.
1121 3858 1123 3863 .

195 3871 361 3958 Tertio‚'
383 3892 423 3956 ur
445 3870 719 3976 donumipium
745 3872 946 3974 linguarum
972 3866 1149 3973 Apostoli
1169 3890 1203 3955 a·

143 3970 278 4070 Spiritu
297 3978 549 4056 [annonarum
567 3974 752 4075 iiocsrgno
772 3978 1080 4054 demonstraretur.
1099 3976 1192 4070 Quo

144 4075 290 4173 quidem
307 4077 499 4154 admirabili
523 4082 624 4154 dono
640 4072 801 4156 Ecclefiae
817 4080 928 4154 unitas
943 4080 1196 4152 commendata

145 4178 219 4346 pii,
238 4198 316 4271 quae
330 4193 411 4256 toto
424 4181 510 4256 orbe
523 4174 664 4260 diffusa,
688 4181 853 4279 gentium
872 4179 1036 4255 omnium
1063 4175 1196 4274 linguir
1271 4244 1284 4256 .

166 4291 324 4368 oquitur.
784 4341 788 4348 .
866 4338 884 4357 a.
943 4364 949 4374 ,
1172 4298 1177 4309 ’

194 4371 268 4453 Has
284 4379 440 4454 rationes
471 4370 599 4465 laudm
628 4367 867 4552 clrrynnrmur
893 4364 995 4454 affert
1021 4365 1197 4540 Sermgrre

687 4476 748 4551 ie
825 4498 827 4503 ·
