3250 5392
295 766 303 777 '
378 753 448 844 De
465 748 591 859 Fide,
610 751 652 842 δι
669 720 887 865 symboso.
1060 840 1062 845 ,
1092 741 1204 852 ’Μ’

141 926 233 1006 stum
257 924 338 1023 post
359 941 514 1003 mortem
535 923 615 1007 siet,
640 945 724 1000 cum
744 921 937 1019 unicuique
955 915 1090 1002 necesse
1113 922 1180 1007 erit

140 1026 425 1124 in'conspetium
446 1024 595 1102 Domini
616 1026 754 1108 venire,
777 1017 1058 1116 &singularium
1078 1024 1180 1118 cogi·

142 1130 339 1203 rationum,
355 1126 565 1208 verborum,
583 1145 807 1222 operumque
824 1123 988 1207 omnium
1006 1121 1181 1201 rationem

142 1227 309 1301 reddere,
331 1225 549 1324 demumque
569 1220 702 1319 judicis
738 1219 941 1318 praeseutem
971 1220 1084 1304 subite
1106 1220 1182 1297 sen-

144 1329 304 1401 tentiam.
329 1322 369 1400 ld
388 1342 499 1420 porro
528 1323 669 1400 duobus
690 1320 831 1398 diversis
851 1322 1072 1417 temporibus
1097 1317 1180 1415 fiet3

145 1429 265 1522 primo
290 1424 403 1509 statim
435 1421 514 1521 post
535 1421 802 1521 uniuscujusque
825 1418 980 1510 hominis
1003 1435 1181 1512 mortem;
1316 1500 1324 1527 s

145 1524 301 1600 secundo
322 1529 357 1597 in
372 1522 441 1598 fine
461 1522 595 1598 mundi.
618 1519 775 1598 Primum
796 1520 964 1610 iudicium
977 1522 1185 1619 particulare
1315 1531 1318 1541 “

145 1624 222 1709 est,
244 1646 284 1698 ac
303 1625 504 1721 privatum3
530 1645 614 1698 eum
638 1625 734 1707 enim
764 1618 1000 1719 unusquisque
1024 1620 1183 1699 nostrum

147 1732 252 1798 evita
265 1728 485 1819 migraverit,
509 1721 624 1798 statim
640 1724 683 1797 ad
701 1718 770 1799 Dei
787 1719 938 1797 tribunal
956 1716 1101 1798 fiuntur.
1120 1719 1186 1796 ibi·

148 1845 219 1923 que
233 1822 278 1896 de
295 1827 461 1898 omnibus
476 1820 650 1917 justissima
665 1821 810 1918 quaesiso
830 1817 998 1923 hebetum
1018 1841 1196 1919 quaecuu,

151 1946 223 2018 que
243 1935 304 1996 aut
330 1926 466 2017 egerit,
496 1940 558 1997 aut
581 1924 736 2006 dixerit,
762 1935 824 1997 aut
847 1912 1080 2016 cogitaverit,
1100 1942 1187 1996 cum

148 2021 210 2100 hic
237 2024 421 2097 mortalem
443 2024 551 2097 vitam
571 2034 701 2117 ageret·
727 2018 786 2096 De
806 2017 871 2098 isto
890 2019 1005 2095 scribit
1026 2018 1187 2117 Apostos.

148 2121 194 2197 ad
213 2115 296 2197 Hrb.
319 2143 393 2217 cap.
409 2136 444 2213 9.
473 2129 640 2194 statutum
659 2117 701 2198 els
715 2115 1188 2208 burt-inibusseruesmorhposs

148 2222 209 2292 hoc
227 2223 515 2310 autcmjudicium.
541 2219 701 2297 Alterum
721 2217 884 2316 generale
904 2221 989 2307 erit,
1010 2243 1094 2306 cum
1112 2240 1189 2297 uno

149 2321 229 2405 die,
260 2334 366 2414 atque
388 2344 464 2398 uno
489 2325 524 2395 in
549 2321 654 2401 loco,
680 2342 806 2395 omnes
829 2317 930 2396 simul
956 2315 1121 2396 homines
1144 2316 1189 2396 td

149 2420 300 2495 tribunal
315 2417 582 2517 summiJudicis
600 2420 761 2504 stabunt,
784 2441 826 2493 ac
847 2419 1013 2495 omuibus
1024 2421 1195 2496 omnium

148 2518 359 2597 saecuiorum
381 2520 585 2595 hominibus
612 2518 867 2614 spesiantibus,
891 2519 928 2592 ἃ
954 2518 1187 2604 audientibus,

149 2617 277 2713 singuli
300 2618 504 2694 sententiam
533 2622 569 2692 in
589 2616 624 2693 se
650 2618 753 2693 satam
777 2619 979 2714 excipient,
1003 2620 1189 2715 statimque

151 2721 294 2812 reprobi
318 2742 337 2792 a
357 2716 495 2793 sinistris
515 2715 649 2814 judicis
670 2721 705 2790 in
725 2732 814 2795 terra
839 2716 988 2801 stantes,
1011 2720 1188 2813 inignem

107 2898 110 2903 ,
150 2834 322 2893 aeternum
344 2839 425 2893 cum
443 2817 604 2894 diabolo,
630 2816 665 2890 δι
688 2814 830 2911 Angelis
847 2816 921 2909 ejus
938 2814 1191 2899 detrudentur3

152 2916 259 2993 breui
284 2939 392 3000 vero,
415 2915 555 2996 Christo
573 2917 717 2993 obviam
736 2917 825 3013 rapti
846 2917 881 2989 in
898 2935 995 2998 aera,
1017 2938 1100 2991 curn
1118 2907 1192 3011 ipso

151 3018 191 3093 in
213 3013 379 3112 Regnum
402 3035 598 3100 aeternum,
621 3012 702 3113 ipfis
722 3036 803 3101 unte
823 3013 948 3098 mundi
970 3015 1196 3092 constitutio·

152 3139 237 3195 nem
260 3131 439 3212 paratum,
462 3115 730 3196 convolabunt,
750 3113 870 3212 sicque
887 3116 924 3189 in
939 3112 1040 3192 coeiis
1062 3114 1198 3212 semper

154 3232 260 3291 erunt
284 3238 355 3284 cum
383 3220 539 3286 Domino.

1207 2779 1314 2846 Martii.
1327 2791 1379 2854 tp·

1209 2881 1235 2922 ι.
1249 2855 1346 2920 uhtu
1356 2879 1386 2934 4.

209 3315 264 3389 De
279 3315 406 3390 ultimo
421 3317 503 3393 ist0÷
527 3292 753 3412 generalique
764 3307 909 3410 Judicio
922 3309 1084 3414 Symboii
1099 3310 1199 3410 Apo·

153 3412 269 3495 stolici
290 3415 457 3515 septimus
482 3414 657 3493 Articulus
677 3415 751 3493 est,
774 3435 850 3514 quo
876 3411 1057 3507 Christum
1080 3433 1200 3483 ventu·

155 3536 230 3585 rum
254 3512 406 3602 judicare
437 3515 559 3602 vivus,
581 3519 623 3586 (s
653 3533 825 3591 mortuus,
848 3511 1086 3608 profitentur:
1110 3514 1198 3590 inde,

156 3615 328 3708 inquam,
354 3629 542 3692 venturum
554 3637 666 3790 Hquo
689 3611 864 3695 ascendit,
887 3612 1014 3689 scilicet
1033 3636 1054 3688 e
1074 3613 1197 3706 coelis;

548 3738 592 3792 ex

157 3735 234 3788 non
257 3711 371 3790 relicta
393 3712 500 3797 Putris
523 3715 545 3791 d
610 3737 688 3797 era,
712 3716 746 3786 in
771 3736 840 3811 qua
855 3710 981 3798 sedet,
1003 3709 1078 3787 haec
1100 3718 1196 3789 enim

157 3811 293 3888 summa
314 3815 466 3911 potestat
484 3816 543 3902 est,
565 3817 601 3891 ἃ
621 3813 790 3908 majestas.
823 3810 981 3891 Christus
999 3826 1118 3888 autem
1134 3791 1343 3893 versnm
1405 3817 1407 3821 '

156 3917 232 3989 niet
256 3917 336 3984 Cum
344 3912 497 4004 potestate
510 3939 636 4009 magna,
659 3906 885 4003 majestate.
909 3911 1194 4004 ,Quemadmodum
1211 3898 1383 3975 matthee,

160 4006 332 4107 assumptus
350 4010 393 4093 est
409 4016 443 4084 in
461 4013 591 4102 cusum,
603 4009 649 4101 fic
664 4011 787 4083 veniet.
817 4007 971 4088 Duobus
984 4024 1101 4086 autern
1117 4034 1196 4087 mo·
1210 3977 1308 4046 ΑΜ
1325 4001 1352 4044 ¹⁹

160 4112 215 4188 dis
227 4114 340 4210 accipi
362 4113 496 4211 potest,
517 4114 617 4211 quod
639 4110 766 4198 Vivus,
787 4117 829 4182 Φ
850 4129 994 4179 mortuos
1006 4104 1198 4201 janiculum

158 4265 184 4300 ‚‚
199 4212 280 4287 Sive
294 4226 334 4288 ut
351 4218 451 4288 vivos
464 4214 709 4310 intelligamus,
733 4232 826 4309 quos
843 4208 901 4286 hic
924 4208 1196 4290 nondumrnor.
1223 4268 1226 4275 Α

150 4348 184 4397 ·‚,
202 4327 305 4395 tuus,
329 4310 525 4388 sed'adhuc
547 4317 583 4388 in
604 4312 664 4388 ista
685 4334 789 4388 carne
811 4311 968 4386 viventes
989 4312 1196 4389 inventurus

157 4411 244 4499 „est
270 4411 344 4502 eius
369 4413 579 4502 Adventum
601 4428 766 4488 mortuos
793 4427 932 4494 autem,
957 4406 1088 4509 quide
1113 4430 1195 4487 cut·

157 4558 182 4596 η
198 4533 297 4608 pore,
322 4514 418 4607 prius
433 4533 540 4609 quum
553 4513 679 4588 veniat,
697 4514 870 4590 exierunt.
885 4507 940 4586 ves
954 4513 1082 4587 exituri
1095 4509 1194 4589 suntt
1303 4568 1305 4572 -
1421 4525 1423 4528 ‘
1500 4553 1505 4569 .

157 4662 181 4702 2,
200 4610 269 4689 five
293 4610 551 4706 vivosqjustos,
574 4625 738 4687 mortuos
765 4627 883 4693 autem
907 4610 1081 4702 injustos,
1104 4633 1197 4707 quo·

158 4754 183 4873 t,
198 4715 292 4792 niam
318 4712 400 4807 justi
422 4733 569 4810 quoque
588 4708 851 4825 judicabuntur·
876 4707 1194 4907 Abquapdjtuffiim
